2738 4740
315 444 368 480 vn!
753 453 832 464 '¹'-

313 611 487 683 argumento
502 599 638 680 judicare
657 619 718 657 sero
739 597 870 673 discens,
895 600 928 658 in
948 596 1028 659 hanc
1048 601 1143 662 incidi
1164 625 1280 685 proua-

312 721 440 794 sionem,
455 718 544 799 longe
563 738 640 776 meas
660 717 734 776 vires
755 717 900 776 tenuiores
920 737 977 777 esse
996 740 1089 801 quam
1116 742 1191 803 quas
1221 744 1280 783 sus·

311 848 394 920 cepto
428 835 556 895 humeris
583 835 664 894 oneri
695 834 847 894 tolerando
873 856 955 917 pares
981 837 1144 900 existimari
1169 838 1279 901 liceret.

313 957 406 1030 Quam
425 952 478 1014 ubi
500 954 588 1013 initio
608 953 696 1012 variis
716 950 882 1012 rationibus
903 952 1054 1013 consutare
1075 966 1165 1037 atque
1177 959 1278 1019 animo

310 1094 427 1156 prorsus
447 1070 566 1131 evellere
585 1082 745 1142 tentarem,
766 1070 875 1131 accidit
893 1081 940 1140 ut,
958 1092 1017 1152 quo
1039 1075 1133 1154 magis
1152 1074 1178 1133 ei
1202 1075 1278 1136 reni·

310 1201 397 1264 terer,
407 1210 441 1249 eo
451 1188 505 1248 illa
515 1187 629 1247 firmius
640 1189 751 1269 pectori
763 1208 827 1247 meo
849 1186 1070 1265 inhaeresceret,
1093 1211 1164 1250 mox
1181 1201 1278 1251 autern

309 1312 351 1369 s'ic
359 1331 477 1393 prorsus
487 1330 533 1369 me
544 1310 713 1391 corriperet,
724 1321 771 1380 ut,
783 1310 864 1392 quod
876 1309 965 1370 modo
976 1310 1183 1372 inchoaveram
1195 1335 1276 1397 opus,

307 1450 390 1488 nunc
411 1429 576 1510 relinquere
595 1428 810 1488 constituerem.
851 1429 890 1487 At
910 1430 964 1498 sic,
988 1429 1125 1490 utilitatis
1145 1431 1276 1492 fructum

225 1580 228 1586 ·
306 1547 330 1606 si
342 1546 480 1627 excipias,
495 1543 624 1625 equoris
637 1541 760 1624 hujusce
774 1546 888 1626 generis
900 1545 1000 1605 labore
1013 1547 1123 1630 percipi
1141 1546 1276 1623 solitum,

306 1685 343 1723 ex
371 1684 404 1722 ea
424 1681 491 1720 vero
510 1661 696 1742 quaestione,
715 1661 764 1720 cui
794 1660 1009 1745 qualicumque
1039 1664 1158 1723 tandem
1187 1666 1276 1727 modo

307 1779 516 1855 incubueram,
548 1777 623 1839 mibi
650 1779 696 1838 vel
723 1781 878 1862 praecipue
905 1791 1057 1857 exortum,
1077 1782 1207 1845 multum
1228 1794 1276 1845 ta·

307 1921 388 1975 men,
409 1899 448 1958 ad
468 1896 586 1958 consilii
607 1897 728 1980 quidem
750 1898 807 1956 mei
832 1897 1055 1979 perfectionem,
1083 1910 1112 1959 et
1131 1901 1226 1982 operis
1245 1911 1276 1963 et

305 2018 442 2102 temporis
462 2015 655 2100 perdideram.
695 2013 786 2073 Aliud
804 2014 896 2095 igitur
910 2027 1117 2094 argumentum
1136 2017 1276 2078 citissime

304 2135 507 2222 quaerendum
527 2145 602 2204 erat,
623 2132 704 2215 quod
724 2142 753 2192 et
774 2132 908 2192 facultati
930 2153 1010 2192 meae
1025 2134 1274 2197 accommodatius

303 2275 360 2315 esse
376 2265 454 2315 certo
468 2252 691 2333 intelligeretur,
702 2259 731 2310 et
750 2270 831 2333 spem
850 2261 1027 2333 suppeteret,
1046 2251 1121 2324 sore,
1136 2265 1172 2313 ut
1188 2252 1274 2315 breve

303 2374 382 2432 intra
411 2381 526 2452 tempus
551 2369 621 2428 satis
650 2367 756 2428 idonea
785 2368 898 2428 ratione
925 2368 1036 2429 absolvi
1065 2391 1150 2429 ame
1168 2383 1273 2454 posset

298 2488 378 2546 'liam
407 2485 445 2545 ad
469 2483 561 2544 finem
588 2482 663 2543 mibi
690 2505 749 2544 esse
768 2482 988 2567 properandum
1009 2507 1078 2546 cum
1098 2486 1157 2547 alia
1176 2487 1273 2550 multa

301 2601 478 2673 suadebant,
500 2610 566 2661 tum
585 2600 643 2661 hoc
663 2603 768 2675 etiam,
789 2601 870 2684 quod
898 2623 1030 2662 meorum
1056 2604 1090 2664 iu
1112 2603 1192 2665 bisce
1221 2606 1273 2667 lli·

301 2742 405 2781 nervae
427 2720 527 2779 castris
548 2719 717 2802 aequalium
737 2720 904 2802 plerosque,
917 2720 994 2801 quin
1007 2742 1124 2794 eorum,
1138 2724 1192 2805 qui
1205 2736 1273 2806 poet

300 2862 347 2901 me
367 2838 405 2912 ad
425 2837 478 2897 illa
492 2838 689 2908 accessissent,
705 2838 822 2920 aliquos
842 2836 880 2896 ad
901 2848 1009 2897 metam
1025 2840 1175 2921 pervenire
1188 2840 1270 2902 iden·

299 2957 391 3018 tidem
410 2955 537 3016 riderem
559 2955 649 3037 idque
668 2967 698 3015 et
717 2953 756 3015 ab
776 2954 842 3014 aliis
853 2954 942 3036 vulgo
955 2954 1029 3016 mihi
1044 2956 1273 3040 exprobraretur

297 3086 326 3135 et
336 3097 353 3134 a
364 3095 411 3134 me
432 3075 496 3158 ipso
517 3073 583 3134 ferri
606 3074 764 3154 aegerrime
778 3073 900 3148 soleret,
912 3075 1009 3156 quod,
1023 3086 1135 3156 praeter
1146 3076 1270 3138 modum

297 3191 562 3275 superando,quod
572 3193 657 3274 quasi
670 3192 838 3273 legitimum
852 3202 965 3274 tempus
975 3192 1078 3252 studiis
1086 3191 1270 3256 Academicis

297 3308 418 3370 concedi
439 3309 609 3380 insueverit,
631 3309 665 3369 in
685 3310 882 3392 suspicionem
905 3320 957 3369 aut
976 3310 1103 3371 levitatis
1131 3323 1185 3373 aut
1210 3323 1269 3373 tar·

295 3425 406 3486 dissimi
428 3436 504 3485 certe
524 3448 558 3486 ac
579 3426 624 3487 vel
644 3425 757 3487 hebetis
778 3428 891 3509 ingenii
912 3429 964 3488 vix
984 3449 1099 3512 possem
1126 3450 1191 3490 non
1222 3431 1268 3490 in·

295 3564 419 3603 currere.
461 3541 514 3603 sed
529 3544 585 3603 ista
598 3544 740 3626 cogitatio
754 3576 794 3590 —
804 3565 881 3627 quae
892 3544 1006 3627 ingenii
1025 3546 1082 3604 mei
1104 3544 1163 3606 suit
1175 3545 1267 3607 imbe

294 3659 441 3721 cillitasne
454 3660 552 3722 dicam
562 3683 604 3722 an
617 3663 772 3745 proprium
785 3662 810 3722 ei
824 3662 957 3723 ateneris
973 3663 1114 3724 innatum
1132 3663 1267 3726 casdim

293 3811 334 3826 -
352 3777 434 3839 haud
450 3799 484 3839 eo
499 3799 547 3839 me
568 3778 725 3863 perducere
743 3779 852 3851 valrrit,
863 3790 897 3840 ut
917 3780 950 3840 in
964 3780 1071 3851 altero,
1086 3780 1169 3862 quod
1181 3801 1265 3842 nunc

292 3895 502 3980 suscipiebam,
534 3908 708 3978 argumento
736 3919 847 3958 merae
872 3897 1021 3958 brevitatis
1048 3897 1164 3979 legibus
1195 3920 1265 3959 oon·

292 4016 398 4097 stringi
411 4037 459 4076 me
475 4026 596 4098 paterer.
633 4016 678 4075 lta
693 4015 803 4076 iactum
816 4048 852 4061 -
865 4015 966 4076 multis
981 4018 1062 4076 enim
1077 4015 1264 4097 digressioni-

291 4129 346 4192 bus
375 4133 444 4193 satis
481 4131 611 4216 amplam
644 4133 794 4194 materiem
825 4131 1032 4216 suppeditabat
1056 4154 1125 4193 cum
1149 4133 1263 4195 deliciis
