2738 4740
592 439 631 499 31

124 627 241 713 assequi
273 626 308 690 iis
342 626 539 714 contigisset,
575 623 741 689 arctissimo
775 624 913 691 videlicet
944 625 1095 692 rariorum

124 739 267 804 classium
295 739 478 804 consociatio
500 737 539 802 ad
563 737 773 802 universarum
794 738 953 804 commoda
972 761 1096 826 promo·

123 852 220 917 venda
246 863 341 938 utque
364 851 442 916 illud
464 849 509 916 rei
532 848 675 936 publicae
697 847 854 927 studium,
884 872 948 936 quo
966 851 1097 937 hujusce

123 963 335 1030 tantummodo
367 963 477 1040 saluti,
512 961 641 1048 propriis
682 960 862 1046 posthabitis
895 964 1096 1047 utilitatibus,

122 1077 235 1164 singuli
250 1077 371 1142 ordines
385 1098 510 1161 operam
532 1097 652 1139 summa
668 1075 778 1138 sirium
799 1074 969 1140 intentione
992 1079 1097 1143 navari

122 1214 141 1257 a
161 1213 225 1256 sese
242 1189 356 1255 debere
378 1189 593 1253 existimarent.
624 1189 724 1268 Quam
743 1187 930 1272 praeclaram
950 1188 1099 1254 sentiendi

123 1302 299 1390 agendique
316 1300 464 1365 rationem
476 1321 539 1386 quo
552 1299 654 1364 minus
663 1299 837 1364 adsecuturi
854 1310 963 1377 essent,
978 1323 1100 1386 prorsus

124 1415 311 1501 impediebat
334 1435 474 1499 perversa
494 1414 687 1498 superiorum
712 1413 856 1477 ordinum
877 1414 991 1499 cupido
1005 1415 1100 1499 priri-

124 1530 206 1615 legia
227 1529 297 1603 itta,
319 1528 491 1613 quaeipsis
513 1548 585 1591 cum
606 1526 721 1592 damno
741 1526 933 1613 reliquorum
954 1538 1101 1613 suppete-

126 1652 210 1717 rent,
238 1639 406 1706 incolumia
432 1637 644 1705 oonservandi.
686 1637 778 1703 Hisce
804 1639 899 1724 igitur
930 1638 970 1704 do
1001 1639 1099 1706 musis

123 1754 238 1819 lectum
264 1751 454 1838 potissimum
476 1750 597 1815 videtur
622 1761 658 1814 ut
682 1751 760 1834 jam,
790 1751 829 1816 ad
855 1751 949 1816 finem
974 1756 1099 1819 saeculo

122 1865 242 1931 decimo
262 1865 390 1949 septimo
406 1875 559 1951 vergente,
581 1862 613 1926 in
632 1863 738 1928 multis
762 1863 948 1950 regionibus,
961 1877 1045 1932 certo
1063 1867 1096 1932 in

120 1976 372 2064 andenburgid
394 1976 426 2051 ¹,
446 1975 569 2041 Bararid
591 1975 619 2052 ²,
643 1977 766 2040 Austrit
788 1975 822 2058 ³,
844 1976 933 2054 aliis,
957 1989 1022 2043 tam
1043 2002 1098 2066 pa·

158 2187 167 2224 ¹
187 2188 312 2235 Desierunt
327 2186 353 2234 in
371 2185 449 2234 ldsrot
466 2185 696 2248 brandenburgensi,
714 2183 745 2231 ab
762 2200 825 2233 anno
841 2184 897 2233 inde
916 2182 993 2248 1653,
1011 2186 1041 2234 ad
1058 2202 1100 2235 an·

122 2280 213 2342 tiqnnm
229 2279 302 2327 ritum
318 2287 460 2340 servatoque
476 2287 555 2325 vetere
564 2276 655 2341 jurium
672 2275 750 2338 modo,
767 2276 875 2325 ordinum
891 2288 1023 2327 conventos
1039 2280 1100 2328 cele·

123 2372 194 2419 brari.
230 2371 294 2435 Quos
311 2362 452 2419 delectorum
470 2379 521 2417 tum
538 2370 629 2433 excepit
640 2368 757 2418 sociorum
768 2370 902 2434 collegium,
913 2371 981 2420 illins
990 2373 1099 2436 publicae

123 2465 237 2528 pecuniae
261 2463 344 2526 partia,
365 2478 426 2525 qnae
451 2462 560 2511 ordinum
584 2477 656 2510 enne
679 2461 785 2526 subjecta
801 2463 858 2512 olim
875 2464 959 2514 lubeat
975 2466 1099 2531 praecipue

124 2559 224 2621 iungens
256 2557 466 2606 administratione.
509 2555 590 2605 Habiti
613 2566 692 2604 tanen
717 2555 828 2621 deinceps
855 2559 925 2607 etiam
947 2559 974 2609 in
1000 2560 1100 2623 singolis

123 2652 219 2700 circulis
234 2651 343 2700 ordinum
361 2667 500 2714 congressus
515 2651 620 2713 luerunt,
638 2667 739 2713 quorum
757 2653 897 2702 auctoritate
913 2654 1009 2717 publica
1026 2672 1099 2705 onera

123 2747 233 2795 distribui
249 2746 386 2809 reditusque
396 2744 485 2808 percipi
502 2745 620 2808 solebant,
637 2745 777 2807 quibuaoum
797 2746 856 2796 adeo
873 2765 1050 2811 nonnumquam
1069 2750 1099 2798 de

123 2842 270 2904 gravioribus
287 2841 389 2905 negotiis
406 2839 545 2888 deliberatio
561 2838 738 2887 inatituebatur.
756 2839 807 2887 tit.
826 2853 941 2890 stonuonn
958 2841 976 2892 l.
994 2842 1013 2891 l.

158 2932 295 2982 2Ιὶιιιιίιιὶ
317 2933 414 2983 Ordines
438 2932 467 2979 ad
489 2932 590 2980 medium
614 2949 689 2995 nsque
707 2933 827 2981 saeculum
845 2933 1099 2996 decimumseptimum

125 3035 193 3075 tanta
209 3028 314 3091 insignes
330 3027 424 3075 lnmsnt
437 3027 526 3090 jurium
544 3025 630 3074 diserte
647 3026 692 3074 sibi
708 3042 873 3075 concessorum
891 3028 958 3088 copia
976 3036 1000 3075 et
1019 3028 1101 3089 ampli·

125 3119 209 3168 tudine
224 3121 297 3183 inque
314 3120 425 3168 universa
440 3119 475 3167 rei
491 3119 601 3182 publicae
612 3118 813 3167 administratione
822 3128 870 3167 tens
882 3120 980 3168 eximias
991 3118 1100 3168 obierant

125 3222 213 3277 partes,
231 3223 267 3274 ut,
284 3230 345 3276 qnos
359 3229 412 3261 eam
428 3212 478 3262 illis
495 3228 629 3276 comparare
645 3213 728 3273 liceat,
738 3212 779 3260 six
800 3212 861 3262 alios
877 3213 903 3262 in
920 3213 1044 3262 Germanis
1060 3229 1099 3262 se-

125 3307 212 3370 periaa.
230 3308 260 3354 tlt
277 3321 318 3368 per
334 3305 423 3353 bellurn
438 3306 568 3354 tricennale
585 3305 678 3368 saepina
695 3304 792 3367 accidit,
809 3315 836 3354 ut
853 3305 966 3368 subsidia,
979 3314 1028 3353 tum
1038 3305 1100 3354 ordi-

125 3401 202 3462 naris,
212 3408 261 3447 tuns
279 3398 464 3448 extraordinaris
481 3401 639 3463 exigerentur,
656 3400 715 3448 solis
731 3416 760 3448 ex
777 3399 885 3449 ordinum
897 3416 994 3463 corpore
1006 3400 1101 3449 aeleotia

99 3474 104 3487 ⁸
125 3508 265 3541 coneenaum
283 3507 350 3539 snum
366 3490 579 3553 interponentibus.
613 3491 668 3539 linx
694 3508 768 3552 vero,
794 3491 838 3540 anb
863 3494 927 3541 lluce
951 3491 1099 3541 ferdinando

125 3587 208 3647 llario,
223 3594 353 3648 poatremns
368 3583 476 3632 ordinum
489 3583 585 3633 babitus
602 3595 731 3633 conventus
748 3584 804 3646 tuis,
816 3585 858 3648 qni
876 3601 928 3632 oum
947 3584 1042 3633 selectis
1059 3603 1100 3634 so·

124 3678 168 3728 eiis
184 3678 287 3727 muneris
300 3677 339 3726 sui
355 3676 520 3726 exercitionem
537 3677 562 3726 in
575 3677 719 3726 novennium
731 3676 920 3738 demandassent,
935 3675 979 3725 boa
989 3693 1099 3727 concessa

125 3771 172 3822 sibi
196 3771 336 3820 anctoritate
352 3786 406 3818 eum
428 3771 454 3818 in
478 3770 573 3818 modurn
597 3771 684 3819 abusos
708 3770 782 3818 luisse
808 3776 910 3831 constat,
939 3778 964 3818 nt
990 3769 1098 3819 ordinum

120 3869 177 3931 jara
193 3875 304 3930 perpetuo
321 3865 432 3930 deinnepa
448 3865 480 3913 ab
496 3866 526 3914 iis
545 3873 725 3928 occuparentur.
749 3863 801 3912 tit.
817 3874 935 3926 nonnus,
958 3864 1099 3915 (lescbiebte

125 3959 168 4008 der
188 3959 336 4009 Lendatinde
352 3961 378 4009 in
396 3961 498 4024 llayern,
515 3959 541 4008 t.
561 3959 594 4022 ll,
612 3977 635 4022 p.
654 3954 791 4007 232-276
814 3968 838 4007 et
854 3976 877 4022 p.
895 3955 954 4018 2973
974 3973 1099 4022 stcuou,

126 4051 209 4119 §580
225 4062 249 4102 et
264 4055 277 4119 d
295 4051 353 4103 596.

161 4142 319 4210 Mirtum,
335 4145 350 4211 p
366 4143 426 4208 579,
441 4144 501 4195 coll.
517 4143 531 4212 p
547 4140 608 4206 543,
626 4153 676 4193 not.
693 4145 718 4192 k.
736 4152 760 4193 et
776 4142 790 4211 §
804 4141 862 4195 ⁵96.
