<?xml version="1.0" encoding="UTF-8"?>
<!DOCTYPE html PUBLIC "-//W3C//DTD XHTML 1.0 Transitional//EN"
    "http://www.w3.org/TR/xhtml1/DTD/xhtml1-transitional.dtd">
<html xmlns="http://www.w3.org/1999/xhtml" xml:lang="en" lang="en">
 <head>
  <title>
</title>
<meta http-equiv="Content-Type" content="text/html;charset=utf-8" />
  <meta name='ocr-system' content='tesseract 3.04.00' />
  <meta name='ocr-capabilities' content='ocr_page ocr_carea ocr_par ocr_line ocrx_word'/>
</head>
<body>
  <div class='ocr_page' id='page_1' title='image "./specimenjurispu00backgoog_0209.png"; bbox 0 0 2738 4740; ppageno 0'>
   <div class='ocr_carea' id='block_1_1' title="bbox 636 412 697 476">
    <p class='ocr_par' dir='ltr' id='par_1_1' title="bbox 636 412 697 476">
     <span class='ocr_line' id='line_1_1' title="bbox 636 412 697 476; baseline 0.033 -3"><span class='ocrx_word' id='word_1_1' title='bbox 636 412 697 476; x_wconf 77' lang='lat'>184</span> 
     </span>
    </p>
   </div>
   <div class='ocr_carea' id='block_1_2' title="bbox 88 559 1169 2369">
    <p class='ocr_par' dir='ltr' id='par_1_2' title="bbox 88 559 1157 2258">
     <span class='ocr_line' id='line_1_2' title="bbox 180 559 1154 680; baseline -0.003 -23"><span class='ocrx_word' id='word_1_2' title='bbox 180 592 282 680; x_wconf 80' lang='lat' dir='ltr'>tigisse</span> <span class='ocrx_word' id='word_1_3' title='bbox 305 591 329 670; x_wconf 89' lang='lat'>¹,</span> <span class='ocrx_word' id='word_1_4' title='bbox 350 600 416 656; x_wconf 92' lang='lat' dir='ltr'>tnm</span> <span class='ocrx_word' id='word_1_5' title='bbox 435 559 571 677; x_wconf 79' lang='lat' dir='ltr'>deniqne</span> <span class='ocrx_word' id='word_1_6' title='bbox 590 589 760 657; x_wconf 74' lang='lat' dir='ltr'>securitatis</span> <span class='ocrx_word' id='word_1_7' title='bbox 777 588 949 676; x_wconf 69' lang='lat' dir='ltr'>quietisque</span> <span class='ocrx_word' id='word_1_8' title='bbox 970 587 1154 656; x_wconf 81' lang='lat' dir='ltr'>vindicatio·</span> 
     </span>
     <span class='ocr_line' id='line_1_3' title="bbox 181 701 1154 790; baseline -0.001 -21"><span class='ocrx_word' id='word_1_9' title='bbox 181 727 263 784; x_wconf 89' lang='lat' dir='ltr'>nem,</span> <span class='ocrx_word' id='word_1_10' title='bbox 281 703 442 790; x_wconf 88' lang='lat' dir='ltr'>sequendis</span> <span class='ocrx_word' id='word_1_11' title='bbox 461 703 577 769; x_wconf 87' lang='lat' dir='ltr'>normis</span> <span class='ocrx_word' id='word_1_12' title='bbox 591 725 627 770; x_wconf 89' lang='lat' dir='ltr'>oa</span> <span class='ocrx_word' id='word_1_13' title='bbox 646 703 686 768; x_wconf 88' lang='lat' dir='ltr'>de</span> <span class='ocrx_word' id='word_1_14' title='bbox 706 701 880 789; x_wconf 79' lang='lat' dir='ltr'>republica</span> <span class='ocrx_word' id='word_1_15' title='bbox 899 702 1073 767; x_wconf 86' lang='lat' dir='ltr'>constitutis</span> <span class='ocrx_word' id='word_1_16' title='bbox 1090 704 1154 768; x_wconf 86' lang='lat' dir='ltr'>sal·</span> 
     </span>
     <span class='ocr_line' id='line_1_4' title="bbox 175 814 1154 904; baseline 0.001 -26"><span class='ocrx_word' id='word_1_17' title='bbox 175 839 280 904; x_wconf 75' lang='lat' dir='ltr'>¹eaque</span> <span class='ocrx_word' id='word_1_18' title='bbox 299 815 576 882; x_wconf 84' lang='lat' dir='ltr'>commissariorum</span> <span class='ocrx_word' id='word_1_19' title='bbox 604 814 666 880; x_wconf 89' lang='lat' dir='ltr'>huc</span> <span class='ocrx_word' id='word_1_20' title='bbox 691 816 768 881; x_wconf 91' lang='lat' dir='ltr'>illuc</span> <span class='ocrx_word' id='word_1_21' title='bbox 794 838 813 880; x_wconf 89' lang='lat' dir='ltr'>a</span> <span class='ocrx_word' id='word_1_22' title='bbox 835 836 909 903; x_wconf 80' lang='lat' dir='ltr'>rege</span> <span class='ocrx_word' id='word_1_23' title='bbox 926 814 1154 880; x_wconf 90' lang='lat' dir='ltr'>mittendorum</span> 
     </span>
     <span class='ocr_line' id='line_1_5' title="bbox 179 928 1153 1018; baseline -0.005 -21"><span class='ocrx_word' id='word_1_24' title='bbox 179 931 376 1009; x_wconf 87' lang='lat' dir='ltr'>auctoritate,</span> <span class='ocrx_word' id='word_1_25' title='bbox 399 930 518 1018; x_wconf 75' lang='lat' dir='ltr'>legibus</span> <span class='ocrx_word' id='word_1_26' title='bbox 548 928 725 996; x_wconf 88' lang='lat' dir='ltr'>attributam</span> <span class='ocrx_word' id='word_1_27' title='bbox 752 928 843 994; x_wconf 80' lang='lat' dir='ltr'>luisse</span> <span class='ocrx_word' id='word_1_28' title='bbox 857 928 881 994; x_wconf 80' lang='lat'>².</span> <span class='ocrx_word' id='word_1_29' title='bbox 928 929 1015 1010; x_wconf 90' lang='lat' dir='ltr'>Quae</span> <span class='ocrx_word' id='word_1_30' title='bbox 1042 939 1153 993; x_wconf 88' lang='lat' dir='ltr'>tamen</span> 
     </span>
     <span class='ocr_line' id='line_1_6' title="bbox 181 1040 1153 1128; baseline -0.002 -20"><span class='ocrx_word' id='word_1_31' title='bbox 181 1042 282 1109; x_wconf 90' lang='lat' dir='ltr'>omnia</span> <span class='ocrx_word' id='word_1_32' title='bbox 301 1063 364 1106; x_wconf 90' lang='lat' dir='ltr'>non</span> <span class='ocrx_word' id='word_1_33' title='bbox 385 1042 428 1108; x_wconf 88' lang='lat' dir='ltr'>ita</span> <span class='ocrx_word' id='word_1_34' title='bbox 451 1041 624 1128; x_wconf 85' lang='lat' dir='ltr'>penderes</span> <span class='ocrx_word' id='word_1_35' title='bbox 644 1041 877 1128; x_wconf 72' lang='lat' dir='ltr'>magistratuum</span> <span class='ocrx_word' id='word_1_36' title='bbox 903 1040 1031 1107; x_wconf 89' lang='lat' dir='ltr'>arbitrio</span> <span class='ocrx_word' id='word_1_37' title='bbox 1048 1041 1153 1107; x_wconf 82' lang='lat' dir='ltr'>existi·</span> 
     </span>
     <span class='ocr_line' id='line_1_7' title="bbox 125 1147 1153 1241; baseline -0.001 -17"><span class='ocrx_word' id='word_1_38' title='bbox 125 1193 128 1197; x_wconf 95' lang='lat'>·</span> <span class='ocrx_word' id='word_1_39' title='bbox 181 1157 291 1224; x_wconf 91' lang='lat' dir='ltr'>manda</span> <span class='ocrx_word' id='word_1_40' title='bbox 313 1167 399 1235; x_wconf 90' lang='lat' dir='ltr'>sunt,</span> <span class='ocrx_word' id='word_1_41' title='bbox 422 1177 459 1223; x_wconf 89' lang='lat' dir='ltr'>ac</span> <span class='ocrx_word' id='word_1_42' title='bbox 482 1156 508 1221; x_wconf 89' lang='lat' dir='ltr'>si</span> <span class='ocrx_word' id='word_1_43' title='bbox 530 1155 635 1221; x_wconf 85' lang='lat' dir='ltr'>illido</span> <span class='ocrx_word' id='word_1_44' title='bbox 655 1147 1153 1241; x_wconf 83' lang='lat' dir='ltr'>cunctismnnerissnipertibns</span> 
     </span>
     <span class='ocr_line' id='line_1_8' title="bbox 180 1267 1152 1358; baseline 0.001 -24"><span class='ocrx_word' id='word_1_45' title='bbox 180 1271 306 1358; x_wconf 93' lang='lat' dir='ltr'>proprio</span> <span class='ocrx_word' id='word_1_46' title='bbox 337 1270 464 1335; x_wconf 92' lang='lat' dir='ltr'>omnino</span> <span class='ocrx_word' id='word_1_47' title='bbox 492 1279 592 1334; x_wconf 90' lang='lat' dir='ltr'>marte</span> <span class='ocrx_word' id='word_1_48' title='bbox 622 1267 773 1336; x_wconf 85' lang='lat' dir='ltr'>statuendi</span> <span class='ocrx_word' id='word_1_49' title='bbox 796 1279 957 1334; x_wconf 91' lang='lat' dir='ltr'>uterentur</span> <span class='ocrx_word' id='word_1_50' title='bbox 980 1279 1152 1355; x_wconf 87' lang='lat' dir='ltr'>potestate,</span> 
     </span>
     <span class='ocr_line' id='line_1_9' title="bbox 181 1380 1153 1470; baseline 0 -23"><span class='ocrx_word' id='word_1_51' title='bbox 181 1404 278 1470; x_wconf 91' lang='lat' dir='ltr'>qnum</span> <span class='ocrx_word' id='word_1_52' title='bbox 298 1382 377 1446; x_wconf 91' lang='lat' dir='ltr'>etin</span> <span class='ocrx_word' id='word_1_53' title='bbox 395 1381 462 1446; x_wconf 88' lang='lat' dir='ltr'>aliis</span> <span class='ocrx_word' id='word_1_54' title='bbox 476 1380 580 1446; x_wconf 90' lang='lat' dir='ltr'>multis</span> <span class='ocrx_word' id='word_1_55' title='bbox 600 1381 741 1468; x_wconf 77' lang='lat' dir='ltr'>gerendis</span> <span class='ocrx_word' id='word_1_56' title='bbox 761 1380 999 1468; x_wconf 76' lang='lat' dir='ltr'>ordinandisque</span> <span class='ocrx_word' id='word_1_57' title='bbox 1019 1391 1051 1447; x_wconf 88' lang='lat' dir='ltr'>et</span> <span class='ocrx_word' id='word_1_58' title='bbox 1068 1380 1103 1446; x_wconf 88' lang='lat' dir='ltr'>in</span> <span class='ocrx_word' id='word_1_59' title='bbox 1115 1381 1153 1447; x_wconf 91' lang='lat' dir='ltr'>iis</span> 
     </span>
     <span class='ocr_line' id='line_1_10' title="bbox 181 1493 1155 1581; baseline -0.001 -22"><span class='ocrx_word' id='word_1_60' title='bbox 181 1496 358 1581; x_wconf 84' lang='lat' dir='ltr'>praesertim</span> <span class='ocrx_word' id='word_1_61' title='bbox 374 1494 533 1571; x_wconf 87' lang='lat' dir='ltr'>obeundis,</span> <span class='ocrx_word' id='word_1_62' title='bbox 551 1515 631 1580; x_wconf 89' lang='lat' dir='ltr'>qnae</span> <span class='ocrx_word' id='word_1_63' title='bbox 651 1494 803 1560; x_wconf 90' lang='lat' dir='ltr'>bonorum</span> <span class='ocrx_word' id='word_1_64' title='bbox 827 1493 1060 1580; x_wconf 87' lang='lat' dir='ltr'>municipalium</span> <span class='ocrx_word' id='word_1_65' title='bbox 1082 1516 1155 1561; x_wconf 83' lang='lat' dir='ltr'>cus·</span> 
     </span>
     <span class='ocr_line' id='line_1_11' title="bbox 182 1605 1154 1692; baseline 0 -21"><span class='ocrx_word' id='word_1_66' title='bbox 182 1607 263 1673; x_wconf 90' lang='lat' dir='ltr'>todia</span> <span class='ocrx_word' id='word_1_67' title='bbox 284 1606 544 1692; x_wconf 84' lang='lat' dir='ltr'>moderamenque</span> <span class='ocrx_word' id='word_1_68' title='bbox 571 1606 831 1690; x_wconf 87' lang='lat' dir='ltr'>complectantur,</span> <span class='ocrx_word' id='word_1_69' title='bbox 852 1605 1084 1671; x_wconf 87' lang='lat' dir='ltr'>confirmatione</span> <span class='ocrx_word' id='word_1_70' title='bbox 1101 1628 1154 1671; x_wconf 88' lang='lat' dir='ltr'>eos</span> 
     </span>
     <span class='ocr_line' id='line_1_12' title="bbox 180 1717 1153 1806; baseline -0.001 -20"><span class='ocrx_word' id='word_1_71' title='bbox 180 1720 320 1806; x_wconf 78' lang='lat' dir='ltr'>indigere</span> <span class='ocrx_word' id='word_1_72' title='bbox 338 1730 457 1786; x_wconf 89' lang='lat' dir='ltr'>certum</span> <span class='ocrx_word' id='word_1_73' title='bbox 476 1719 524 1796; x_wconf 89' lang='lat' dir='ltr'>sit,</span> <span class='ocrx_word' id='word_1_74' title='bbox 535 1719 568 1782; x_wconf 91' lang='lat' dir='ltr'>in</span> <span class='ocrx_word' id='word_1_75' title='bbox 588 1718 686 1803; x_wconf 89' lang='lat' dir='ltr'>prima</span> <span class='ocrx_word' id='word_1_76' title='bbox 704 1717 831 1804; x_wconf 91' lang='lat' dir='ltr'>quidem</span> <span class='ocrx_word' id='word_1_77' title='bbox 846 1719 939 1784; x_wconf 86' lang='lat' dir='ltr'>classe</span> <span class='ocrx_word' id='word_1_78' title='bbox 951 1717 1153 1784; x_wconf 84' lang='lat' dir='ltr'>circularium</span> 
     </span>
     <span class='ocr_line' id='line_1_13' title="bbox 88 1822 1154 1919; baseline 0.003 -25"><span class='ocrx_word' id='word_1_79' title='bbox 88 1822 94 1834; x_wconf 77' lang='grc'>’</span> <span class='ocrx_word' id='word_1_80' title='bbox 146 1827 152 1839; x_wconf 76' lang='grc'><em>“</em></span> <span class='ocrx_word' id='word_1_81' title='bbox 183 1831 440 1919; x_wconf 82' lang='lat' dir='ltr'>gubernatorum,</span> <span class='ocrx_word' id='word_1_82' title='bbox 462 1829 494 1893; x_wconf 94' lang='lat' dir='ltr'>in</span> <span class='ocrx_word' id='word_1_83' title='bbox 520 1831 646 1895; x_wconf 85' lang='lat' dir='ltr'>caeteris</span> <span class='ocrx_word' id='word_1_84' title='bbox 667 1853 739 1896; x_wconf 83' lang='lat' dir='ltr'>vero</span> <span class='ocrx_word' id='word_1_85' title='bbox 756 1854 793 1896; x_wconf 88' lang='lat' dir='ltr'>ac</span> <span class='ocrx_word' id='word_1_86' title='bbox 813 1831 965 1896; x_wconf 85' lang='lat' dir='ltr'>strictiore</span> <span class='ocrx_word' id='word_1_87' title='bbox 985 1831 1079 1897; x_wconf 88' lang='lat' dir='ltr'>etiam</span> <span class='ocrx_word' id='word_1_88' title='bbox 1098 1854 1154 1897; x_wconf 92' lang='lat' dir='ltr'>ne·</span> 
     </span>
     <span class='ocr_line' id='line_1_14' title="bbox 183 1942 1157 2028; baseline 0 -18"><span class='ocrx_word' id='word_1_89' title='bbox 183 1944 337 2021; x_wconf 73' lang='lat' dir='ltr'>emsitato,</span> <span class='ocrx_word' id='word_1_90' title='bbox 350 1942 492 2027; x_wconf 89' lang='lat' dir='ltr'>judicum</span> <span class='ocrx_word' id='word_1_91' title='bbox 508 1954 560 2007; x_wconf 89' lang='lat' dir='ltr'>aut</span> <span class='ocrx_word' id='word_1_92' title='bbox 578 1942 726 2007; x_wconf 90' lang='lat' dir='ltr'>ruralium</span> <span class='ocrx_word' id='word_1_93' title='bbox 740 1953 794 2008; x_wconf 89' lang='lat' dir='ltr'>ant</span> <span class='ocrx_word' id='word_1_94' title='bbox 814 1942 1047 2028; x_wconf 81' lang='lat' dir='ltr'>toparchalium‚</span> <span class='ocrx_word' id='word_1_95' title='bbox 1075 1966 1157 2010; x_wconf 91' lang='lat' dir='ltr'>non·</span> 
     </span>
     <span class='ocr_line' id='line_1_15' title="bbox 181 2054 1153 2145; baseline 0.001 -23"><span class='ocrx_word' id='word_1_96' title='bbox 181 2058 240 2122; x_wconf 88' lang='lat' dir='ltr'>nisi</span> <span class='ocrx_word' id='word_1_97' title='bbox 251 2055 488 2123; x_wconf 79' lang='lat' dir='ltr'>adsentientibus</span> <span class='ocrx_word' id='word_1_98' title='bbox 503 2054 677 2143; x_wconf 82' lang='lat' dir='ltr'>provinciae</span> <span class='ocrx_word' id='word_1_99' title='bbox 693 2055 872 2133; x_wconf 88' lang='lat' dir='ltr'>rectoribus,</span> <span class='ocrx_word' id='word_1_100' title='bbox 892 2056 931 2120; x_wconf 93' lang='lat' dir='ltr'>de</span> <span class='ocrx_word' id='word_1_101' title='bbox 949 2078 1153 2145; x_wconf 88' lang='lat' dir='ltr'>quacumque</span> 
     </span>
     <span class='ocr_line' id='line_1_16' title="bbox 182 2167 661 2258; baseline 0.006 -25"><span class='ocrx_word' id='word_1_102' title='bbox 182 2193 215 2236; x_wconf 91' lang='lat' dir='ltr'>re</span> <span class='ocrx_word' id='word_1_103' title='bbox 232 2171 362 2258; x_wconf 82' lang='lat' dir='ltr'>graviori</span> <span class='ocrx_word' id='word_1_104' title='bbox 384 2169 619 2236; x_wconf 89' lang='lat' dir='ltr'>decernentium</span> <span class='ocrx_word' id='word_1_105' title='bbox 637 2167 661 2236; x_wconf 84' lang='lat'>³.</span> 
     </span>
    </p>

    <p class='ocr_par' dir='ltr' id='par_1_3' title="bbox 223 2280 1169 2369">
     <span class='ocr_line' id='line_1_17' title="bbox 223 2280 1169 2369; baseline 0 -21"><span class='ocrx_word' id='word_1_106' title='bbox 223 2285 291 2350; x_wconf 88' lang='lat' dir='ltr'>lam</span> <span class='ocrx_word' id='word_1_107' title='bbox 318 2305 407 2369; x_wconf 88' lang='lat' dir='ltr'>saepe</span> <span class='ocrx_word' id='word_1_108' title='bbox 434 2282 467 2346; x_wconf 89' lang='lat' dir='ltr'>in</span> <span class='ocrx_word' id='word_1_109' title='bbox 498 2280 556 2347; x_wconf 91' lang='lat' dir='ltr'>hac</span> <span class='ocrx_word' id='word_1_110' title='bbox 584 2280 769 2366; x_wconf 85' lang='lat' dir='ltr'>expositione</span> <span class='ocrx_word' id='word_1_111' title='bbox 794 2281 908 2346; x_wconf 88' lang='lat' dir='ltr'>cisium</span> <span class='ocrx_word' id='word_1_112' title='bbox 935 2293 1169 2368; x_wconf 55' lang='lat' dir='ltr'>procuratores¹</span> 
     </span>
    </p>
   </div>
   <div class='ocr_carea' id='block_1_3' title="bbox 182 2523 1161 3896">
    <p class='ocr_par' dir='ltr' id='par_1_4' title="bbox 217 2523 472 2592">
     <span class='ocr_line' id='line_1_18' title="bbox 217 2523 472 2592; baseline -0.004 -19"><span class='ocrx_word' id='word_1_113' title='bbox 217 2526 226 2559; x_wconf 92' lang='lat'>¹</span> <span class='ocrx_word' id='word_1_114' title='bbox 243 2523 305 2573; x_wconf 84' lang='lat' dir='ltr'>lbid.</span> <span class='ocrx_word' id='word_1_115' title='bbox 322 2524 342 2573; x_wconf 92' lang='lat' dir='ltr'>l.</span> <span class='ocrx_word' id='word_1_116' title='bbox 360 2540 382 2574; x_wconf 89' lang='lat' dir='ltr'>o.</span> <span class='ocrx_word' id='word_1_117' title='bbox 398 2524 413 2592; x_wconf 58' lang='grc' dir='ltr'><em>ᾗ</em></span> <span class='ocrx_word' id='word_1_118' title='bbox 429 2523 472 2573; x_wconf 88' lang='grc'>66.</span> 
     </span>
    </p>

    <p class='ocr_par' dir='ltr' id='par_1_5' title="bbox 182 2613 1161 3896">
     <span class='ocr_line' id='line_1_19' title="bbox 214 2613 1159 2691; baseline 0.004 -25"><span class='ocrx_word' id='word_1_119' title='bbox 214 2617 226 2650; x_wconf 81' lang='lat'><strong>¹</strong></span> <span class='ocrx_word' id='word_1_120' title='bbox 242 2617 305 2666; x_wconf 81' lang='lat' dir='ltr'>lltid.</span> <span class='ocrx_word' id='word_1_121' title='bbox 322 2617 341 2668; x_wconf 83' lang='lat' dir='ltr'>l.</span> <span class='ocrx_word' id='word_1_122' title='bbox 358 2634 384 2691; x_wconf 47' lang='grc' dir='ltr'>ο.Ἰ</span> <span class='ocrx_word' id='word_1_123' title='bbox 395 2617 427 2684; x_wconf 58' lang='lat' dir='ltr'>M</span> <span class='ocrx_word' id='word_1_124' title='bbox 445 2613 556 2665; x_wconf 79' lang='lat'><strong>67-72.</strong></span> <span class='ocrx_word' id='word_1_125' title='bbox 579 2617 674 2667; x_wconf 81' lang='lat' dir='ltr'>Cunctis</span> <span class='ocrx_word' id='word_1_126' title='bbox 688 2619 713 2667; x_wconf 87' lang='lat' dir='ltr'>in</span> <span class='ocrx_word' id='word_1_127' title='bbox 728 2619 830 2683; x_wconf 83' lang='lat' dir='ltr'>oppidis,</span> <span class='ocrx_word' id='word_1_128' title='bbox 839 2628 937 2683; x_wconf 84' lang='lat' dir='ltr'>excepto</span> <span class='ocrx_word' id='word_1_129' title='bbox 945 2619 1081 2682; x_wconf 69' lang='lat' dir='ltr'>nonanto,</span> <span class='ocrx_word' id='word_1_130' title='bbox 1096 2621 1159 2670; x_wconf 81' lang='lat' dir='ltr'>urbe</span> 
     </span>
     <span class='ocr_line' id='line_1_20' title="bbox 183 2709 1158 2778; baseline 0.003 -19"><span class='ocrx_word' id='word_1_131' title='bbox 183 2709 251 2774; x_wconf 71' lang='lat' dir='ltr'>regni</span> <span class='ocrx_word' id='word_1_132' title='bbox 266 2709 390 2773; x_wconf 87' lang='lat' dir='ltr'>primaria,</span> <span class='ocrx_word' id='word_1_133' title='bbox 408 2709 451 2758; x_wconf 81' lang='lat' dir='ltr'>ubi</span> <span class='ocrx_word' id='word_1_134' title='bbox 468 2711 556 2774; x_wconf 87' lang='lat' dir='ltr'>proprii</span> <span class='ocrx_word' id='word_1_135' title='bbox 570 2711 673 2759; x_wconf 86' lang='lat' dir='ltr'>instituti</span> <span class='ocrx_word' id='word_1_136' title='bbox 691 2720 746 2760; x_wconf 85' lang='lat' dir='ltr'>snut</span> <span class='ocrx_word' id='word_1_137' title='bbox 760 2714 880 2778; x_wconf 79' lang='lat' dir='ltr'>politiae,</span> <span class='ocrx_word' id='word_1_138' title='bbox 896 2729 956 2776; x_wconf 90' lang='lat' dir='ltr'>qnae</span> <span class='ocrx_word' id='word_1_139' title='bbox 969 2712 1040 2776; x_wconf 72' lang='lat' dir='ltr'>vulgo</span> <span class='ocrx_word' id='word_1_140' title='bbox 1056 2712 1158 2778; x_wconf 87' lang='lat' dir='ltr'>dieitur,</span> 
     </span>
     <span class='ocr_line' id='line_1_21' title="bbox 182 2803 1159 2869; baseline 0.003 -16"><span class='ocrx_word' id='word_1_141' title='bbox 182 2803 354 2865; x_wconf 76' lang='lat' dir='ltr'>moderatores,</span> <span class='ocrx_word' id='word_1_142' title='bbox 372 2803 474 2852; x_wconf 85' lang='lat' dir='ltr'>tuendae</span> <span class='ocrx_word' id='word_1_143' title='bbox 489 2804 575 2868; x_wconf 86' lang='lat' dir='ltr'>quietia</span> <span class='ocrx_word' id='word_1_144' title='bbox 595 2805 775 2868; x_wconf 78' lang='lat' dir='ltr'>securitatisque</span> <span class='ocrx_word' id='word_1_145' title='bbox 797 2805 898 2854; x_wconf 87' lang='lat' dir='ltr'>officium</span> <span class='ocrx_word' id='word_1_146' title='bbox 918 2806 1095 2869; x_wconf 78' lang='lat' dir='ltr'>magistratibus</span> <span class='ocrx_word' id='word_1_147' title='bbox 1113 2807 1159 2856; x_wconf 88' lang='lat' dir='ltr'>de·</span> 
     </span>
     <span class='ocr_line' id='line_1_22' title="bbox 183 2897 1159 2961; baseline 0.002 -15"><span class='ocrx_word' id='word_1_148' title='bbox 183 2897 318 2946; x_wconf 85' lang='lat' dir='ltr'>mandatnm</span> <span class='ocrx_word' id='word_1_149' title='bbox 340 2898 477 2960; x_wconf 85' lang='lat' dir='ltr'>reperimus,</span> <span class='ocrx_word' id='word_1_150' title='bbox 499 2905 525 2944; x_wconf 91' lang='lat' dir='ltr'>at</span> <span class='ocrx_word' id='word_1_151' title='bbox 547 2897 612 2945; x_wconf 84' lang='lat' dir='ltr'>raris</span> <span class='ocrx_word' id='word_1_152' title='bbox 629 2897 755 2946; x_wconf 84' lang='lat' dir='ltr'>exercendi</span> <span class='ocrx_word' id='word_1_153' title='bbox 781 2897 925 2960; x_wconf 85' lang='lat' dir='ltr'>conditione,</span> <span class='ocrx_word' id='word_1_154' title='bbox 949 2899 970 2946; x_wconf 93' lang='lat' dir='ltr'>si</span> <span class='ocrx_word' id='word_1_155' title='bbox 987 2898 1083 2961; x_wconf 86' lang='lat' dir='ltr'>quidem</span> <span class='ocrx_word' id='word_1_156' title='bbox 1109 2899 1159 2948; x_wconf 86' lang='lat' dir='ltr'>mi·</span> 
     </span>
     <span class='ocr_line' id='line_1_23' title="bbox 183 2989 1159 3053; baseline 0.004 -15"><span class='ocrx_word' id='word_1_157' title='bbox 183 3007 266 3039; x_wconf 86' lang='lat' dir='ltr'>norum</span> <span class='ocrx_word' id='word_1_158' title='bbox 280 2990 373 3039; x_wconf 85' lang='lat' dir='ltr'>urbium</span> <span class='ocrx_word' id='word_1_159' title='bbox 383 2989 455 3038; x_wconf 87' lang='lat' dir='ltr'>curiis</span> <span class='ocrx_word' id='word_1_160' title='bbox 468 2990 587 3038; x_wconf 78' lang='lat' dir='ltr'>ruralibus</span> <span class='ocrx_word' id='word_1_161' title='bbox 603 2989 809 3053; x_wconf 80' lang='lat' dir='ltr'>toparchalihnsre</span> <span class='ocrx_word' id='word_1_162' title='bbox 825 2989 1029 3039; x_wconf 82' lang='lat' dir='ltr'>subordinatarnm</span> <span class='ocrx_word' id='word_1_163' title='bbox 1044 3008 1099 3041; x_wconf 86' lang='lat' dir='ltr'>eam</span> <span class='ocrx_word' id='word_1_164' title='bbox 1111 2992 1159 3042; x_wconf 73' lang='lat' dir='ltr'>hae</span> 
     </span>
     <span class='ocr_line' id='line_1_24' title="bbox 183 3082 1160 3147; baseline 0.003 -14"><span class='ocrx_word' id='word_1_165' title='bbox 183 3085 244 3133; x_wconf 85' lang='lat' dir='ltr'>inre</span> <span class='ocrx_word' id='word_1_166' title='bbox 258 3099 362 3132; x_wconf 84' lang='lat' dir='ltr'>normam</span> <span class='ocrx_word' id='word_1_167' title='bbox 378 3083 446 3145; x_wconf 90' lang='lat' dir='ltr'>sequi</span> <span class='ocrx_word' id='word_1_168' title='bbox 457 3083 573 3146; x_wconf 78' lang='lat' dir='ltr'>jubentur</span> <span class='ocrx_word' id='word_1_169' title='bbox 585 3084 742 3146; x_wconf 76' lang='lat' dir='ltr'>magistratus,</span> <span class='ocrx_word' id='word_1_170' title='bbox 756 3099 817 3145; x_wconf 88' lang='lat' dir='ltr'>qnae</span> <span class='ocrx_word' id='word_1_171' title='bbox 828 3083 853 3131; x_wconf 85' lang='lat' dir='ltr'>ia</span> <span class='ocrx_word' id='word_1_172' title='bbox 866 3082 942 3132; x_wconf 86' lang='lat' dir='ltr'>edicto</span> <span class='ocrx_word' id='word_1_173' title='bbox 951 3083 980 3131; x_wconf 88' lang='lat' dir='ltr'>de</span> <span class='ocrx_word' id='word_1_174' title='bbox 985 3084 1160 3147; x_wconf 75' lang='lat' dir='ltr'>iurisdictione</span> 
     </span>
     <span class='ocr_line' id='line_1_25' title="bbox 183 3175 1160 3247; baseline 0.003 -21"><span class='ocrx_word' id='word_1_175' title='bbox 183 3177 342 3242; x_wconf 80' lang='lat' dir='ltr'>patrimoniali</span> <span class='ocrx_word' id='word_1_176' title='bbox 359 3175 455 3224; x_wconf 80' lang='lat' dir='ltr'>definita</span> <span class='ocrx_word' id='word_1_177' title='bbox 468 3175 576 3239; x_wconf 75' lang='lat' dir='ltr'>legatur3</span> <span class='ocrx_word' id='word_1_178' title='bbox 590 3177 689 3239; x_wconf 84' lang='lat' dir='ltr'>majores</span> <span class='ocrx_word' id='word_1_179' title='bbox 706 3192 790 3224; x_wconf 85' lang='lat' dir='ltr'>reroa</span> <span class='ocrx_word' id='word_1_180' title='bbox 807 3177 858 3224; x_wconf 90' lang='lat' dir='ltr'>sola</span> <span class='ocrx_word' id='word_1_181' title='bbox 867 3177 1002 3247; x_wconf 70' lang='lat' dir='ltr'>¹pendentes</span> <span class='ocrx_word' id='word_1_182' title='bbox 1019 3180 1160 3240; x_wconf 72' lang='lat' dir='ltr'>provincis-</span> 
     </span>
     <span class='ocr_line' id='line_1_26' title="bbox 184 3268 1160 3334; baseline 0.003 -15"><span class='ocrx_word' id='word_1_183' title='bbox 184 3271 243 3321; x_wconf 84' lang='lat' dir='ltr'>lium</span> <span class='ocrx_word' id='word_1_184' title='bbox 258 3270 440 3333; x_wconf 72' lang='lat' dir='ltr'>gubernatorum</span> <span class='ocrx_word' id='word_1_185' title='bbox 452 3268 602 3329; x_wconf 83' lang='lat' dir='ltr'>auctoritate,</span> <span class='ocrx_word' id='word_1_186' title='bbox 615 3268 723 3317; x_wconf 89' lang='lat' dir='ltr'>latiorem</span> <span class='ocrx_word' id='word_1_187' title='bbox 735 3269 780 3317; x_wconf 81' lang='lat' dir='ltr'>sibi</span> <span class='ocrx_word' id='word_1_188' title='bbox 795 3285 930 3319; x_wconf 84' lang='lat' dir='ltr'>conoerrum</span> <span class='ocrx_word' id='word_1_189' title='bbox 946 3270 1030 3334; x_wconf 74' lang='lat' dir='ltr'>agendi</span> <span class='ocrx_word' id='word_1_190' title='bbox 1042 3272 1160 3323; x_wconf 77' lang='lat' dir='ltr'>ambitum</span> 
     </span>
     <span class='ocr_line' id='line_1_27' title="bbox 184 3358 1161 3427; baseline 0.005 -16"><span class='ocrx_word' id='word_1_191' title='bbox 184 3363 214 3411; x_wconf 82' lang='lat' dir='ltr'>iia</span> <span class='ocrx_word' id='word_1_192' title='bbox 238 3361 406 3410; x_wconf 76' lang='lat' dir='ltr'>convenienter</span> <span class='ocrx_word' id='word_1_193' title='bbox 431 3359 526 3422; x_wconf 86' lang='lat' dir='ltr'>explere</span> <span class='ocrx_word' id='word_1_194' title='bbox 545 3358 631 3407; x_wconf 80' lang='lat' dir='ltr'>dehent</span> <span class='ocrx_word' id='word_1_195' title='bbox 645 3360 783 3423; x_wconf 83' lang='lat' dir='ltr'>praeceptis,</span> <span class='ocrx_word' id='word_1_196' title='bbox 803 3378 865 3424; x_wconf 88' lang='lat' dir='ltr'>qnae</span> <span class='ocrx_word' id='word_1_197' title='bbox 881 3379 950 3425; x_wconf 88' lang='lat' dir='ltr'>snper</span> <span class='ocrx_word' id='word_1_198' title='bbox 966 3362 1036 3411; x_wconf 93' lang='lat' dir='ltr'>modo</span> <span class='ocrx_word' id='word_1_199' title='bbox 1057 3365 1161 3427; x_wconf 85' lang='lat' dir='ltr'>politiae</span> 
     </span>
     <span class='ocr_line' id='line_1_28' title="bbox 183 3452 1160 3524; baseline 0.002 -19"><span class='ocrx_word' id='word_1_200' title='bbox 183 3456 308 3520; x_wconf 72' lang='lat' dir='ltr'>regendae,</span> <span class='ocrx_word' id='word_1_201' title='bbox 329 3453 422 3517; x_wconf 85' lang='lat' dir='ltr'>propris</span> <span class='ocrx_word' id='word_1_202' title='bbox 437 3452 594 3515; x_wconf 87' lang='lat' dir='ltr'>ordinatione,</span> <span class='ocrx_word' id='word_1_203' title='bbox 613 3471 676 3503; x_wconf 90' lang='lat' dir='ltr'>anno</span> <span class='ocrx_word' id='word_1_204' title='bbox 693 3452 770 3516; x_wconf 87' lang='lat'>1808,</span> <span class='ocrx_word' id='word_1_205' title='bbox 788 3455 865 3504; x_wconf 83' lang='lat' dir='ltr'>edicta</span> <span class='ocrx_word' id='word_1_206' title='bbox 878 3455 975 3504; x_wconf 83' lang='lat' dir='ltr'>luerint.</span> <span class='ocrx_word' id='word_1_207' title='bbox 995 3456 1046 3505; x_wconf 81' lang='lat' dir='ltr'>lid.</span> <span class='ocrx_word' id='word_1_208' title='bbox 1065 3458 1160 3524; x_wconf 55' lang='lat' dir='ltr'><strong>§56¹ss</strong></span> 
     </span>
     <span class='ocr_line' id='line_1_29' title="bbox 183 3546 1158 3609; baseline 0.001 -10"><span class='ocrx_word' id='word_1_209' title='bbox 183 3548 218 3598; x_wconf 83' lang='lat'>68</span> <span class='ocrx_word' id='word_1_210' title='bbox 232 3559 256 3598; x_wconf 84' lang='lat' dir='ltr'>et</span> <span class='ocrx_word' id='word_1_211' title='bbox 272 3546 315 3598; x_wconf 84' lang='lat'>69.</span> <span class='ocrx_word' id='word_1_212' title='bbox 349 3547 468 3595; x_wconf 83' lang='lat' dir='ltr'>Caeterum</span> <span class='ocrx_word' id='word_1_213' title='bbox 482 3562 554 3609; x_wconf 90' lang='lat' dir='ltr'>penes</span> <span class='ocrx_word' id='word_1_214' title='bbox 569 3547 718 3609; x_wconf 79' lang='lat' dir='ltr'>magistratus</span> <span class='ocrx_word' id='word_1_215' title='bbox 734 3548 803 3596; x_wconf 85' lang='lat' dir='ltr'>etiam</span> <span class='ocrx_word' id='word_1_216' title='bbox 822 3548 939 3597; x_wconf 82' lang='lat' dir='ltr'>habentur</span> <span class='ocrx_word' id='word_1_217' title='bbox 957 3549 1041 3598; x_wconf 84' lang='lat' dir='ltr'>reniae</span> <span class='ocrx_word' id='word_1_218' title='bbox 1058 3566 1158 3601; x_wconf 84' lang='lat' dir='ltr'>ooaees-</span> 
     </span>
     <span class='ocr_line' id='line_1_30' title="bbox 185 3640 1160 3709; baseline 0.003 -17"><span class='ocrx_word' id='word_1_219' title='bbox 185 3644 263 3692; x_wconf 85' lang='lat' dir='ltr'>sioner</span> <span class='ocrx_word' id='word_1_220' title='bbox 276 3642 306 3690; x_wconf 92' lang='lat' dir='ltr'>iis</span> <span class='ocrx_word' id='word_1_221' title='bbox 320 3640 496 3703; x_wconf 84' lang='lat' dir='ltr'>impertiendae,</span> <span class='ocrx_word' id='word_1_222' title='bbox 506 3641 548 3703; x_wconf 87' lang='lat' dir='ltr'>qui</span> <span class='ocrx_word' id='word_1_223' title='bbox 565 3641 710 3703; x_wconf 85' lang='lat' dir='ltr'>opificioram</span> <span class='ocrx_word' id='word_1_224' title='bbox 728 3644 864 3692; x_wconf 86' lang='lat' dir='ltr'>tractationi</span> <span class='ocrx_word' id='word_1_225' title='bbox 877 3661 971 3707; x_wconf 84' lang='lat' dir='ltr'>operam</span> <span class='ocrx_word' id='word_1_226' title='bbox 988 3645 1044 3694; x_wconf 87' lang='lat' dir='ltr'>dare</span> <span class='ocrx_word' id='word_1_227' title='bbox 1056 3647 1160 3709; x_wconf 83' lang='lat' dir='ltr'>cupiant</span> 
     </span>
     <span class='ocr_line' id='line_1_31' title="bbox 185 3735 1161 3802; baseline 0.005 -16"><span class='ocrx_word' id='word_1_228' title='bbox 185 3735 614 3802; x_wconf 65' lang='lat' dir='ltr'>(Generis-Gemcltigleitenj;porro</span> <span class='ocrx_word' id='word_1_229' title='bbox 631 3737 806 3800; x_wconf 79' lang='lat' dir='ltr'>municipalium</span> <span class='ocrx_word' id='word_1_230' title='bbox 820 3740 935 3787; x_wconf 81' lang='lat' dir='ltr'>bonorum</span> <span class='ocrx_word' id='word_1_231' title='bbox 952 3741 1103 3791; x_wconf 73' lang='lat' dir='ltr'>coacervatio</span> <span class='ocrx_word' id='word_1_232' title='bbox 1115 3759 1161 3791; x_wconf 88' lang='lat' dir='ltr'>ne·</span> 
     </span>
     <span class='ocr_line' id='line_1_32' title="bbox 185 3829 1160 3896; baseline 0.005 -16"><span class='ocrx_word' id='word_1_233' title='bbox 185 3848 232 3894; x_wconf 87' lang='lat' dir='ltr'>qne</span> <span class='ocrx_word' id='word_1_234' title='bbox 241 3848 289 3879; x_wconf 88' lang='lat' dir='ltr'>nou</span> <span class='ocrx_word' id='word_1_235' title='bbox 301 3829 360 3892; x_wconf 77' lang='lat' dir='ltr'>geni</span> <span class='ocrx_word' id='word_1_236' title='bbox 371 3830 473 3878; x_wconf 84' lang='lat' dir='ltr'>mnnerie</span> <span class='ocrx_word' id='word_1_237' title='bbox 483 3829 586 3878; x_wconf 83' lang='lat' dir='ltr'>rationse</span> <span class='ocrx_word' id='word_1_238' title='bbox 596 3831 724 3892; x_wconf 70' lang='lat' dir='ltr'>quotannis</span> <span class='ocrx_word' id='word_1_239' title='bbox 735 3831 803 3880; x_wconf 82' lang='lat' dir='ltr'>abiis</span> <span class='ocrx_word' id='word_1_240' title='bbox 812 3833 948 3896; x_wconf 70' lang='lat' dir='ltr'>exigendae,</span> <span class='ocrx_word' id='word_1_241' title='bbox 958 3834 1000 3895; x_wconf 91' lang='lat' dir='ltr'>qui</span> <span class='ocrx_word' id='word_1_242' title='bbox 1009 3835 1096 3883; x_wconf 88' lang='lat' dir='ltr'>aerarii</span> <span class='ocrx_word' id='word_1_243' title='bbox 1109 3845 1160 3885; x_wconf 84' lang='lat' dir='ltr'>tum</span> 
     </span>
    </p>
   </div>
   <div class='ocr_carea' id='block_1_4' title="bbox 186 3922 1163 4079">
    <p class='ocr_par' dir='ltr' id='par_1_6' title="bbox 186 3922 1163 4079">
     <span class='ocr_line' id='line_1_33' title="bbox 186 3922 1163 3991; baseline 0.008 -19"><span class='ocrx_word' id='word_1_244' title='bbox 186 3926 260 3987; x_wconf 89' lang='lat' dir='ltr'>ipsius</span> <span class='ocrx_word' id='word_1_245' title='bbox 277 3923 446 3972; x_wconf 79' lang='lat' dir='ltr'>communionis</span> <span class='ocrx_word' id='word_1_246' title='bbox 461 3931 511 3970; x_wconf 86' lang='lat' dir='ltr'>tum</span> <span class='ocrx_word' id='word_1_247' title='bbox 528 3922 694 3985; x_wconf 82' lang='lat' dir='ltr'>pertinentium</span> <span class='ocrx_word' id='word_1_248' title='bbox 715 3925 743 3973; x_wconf 92' lang='lat' dir='ltr'>ad</span> <span class='ocrx_word' id='word_1_249' title='bbox 761 3942 810 3974; x_wconf 82' lang='lat' dir='ltr'>erm</span> <span class='ocrx_word' id='word_1_250' title='bbox 828 3926 1005 3975; x_wconf 83' lang='lat' dir='ltr'>unirereitatnm</span> <span class='ocrx_word' id='word_1_251' title='bbox 1027 3927 1163 3991; x_wconf 49' lang='lat' dir='ltr'>lunantur</span> 
     </span>
     <span class='ocr_line' id='line_1_34' title="bbox 186 4013 690 4079; baseline 0.002 -14"><span class='ocrx_word' id='word_1_252' title='bbox 186 4016 393 4065; x_wconf 86' lang='lat' dir='ltr'>administratione.</span> <span class='ocrx_word' id='word_1_253' title='bbox 413 4015 462 4064; x_wconf 80' lang='lat' dir='ltr'>tid.</span> <span class='ocrx_word' id='word_1_254' title='bbox 479 4016 510 4079; x_wconf 70' lang='lat' dir='ltr'>§ll</span> <span class='ocrx_word' id='word_1_255' title='bbox 526 4015 569 4076; x_wconf 80' lang='lat'>59,</span> <span class='ocrx_word' id='word_1_256' title='bbox 586 4013 629 4078; x_wconf 83' lang='grc'>60,</span> <span class='ocrx_word' id='word_1_257' title='bbox 648 4015 690 4066; x_wconf 80' lang='grc'>63.</span> 
     </span>
    </p>
   </div>
   <div class='ocr_carea' id='block_1_5' title="bbox 223 4105 607 4172">
    <p class='ocr_par' dir='ltr' id='par_1_7' title="bbox 223 4105 607 4172">
     <span class='ocr_line' id='line_1_35' title="bbox 223 4105 607 4172; baseline 0 -16"><span class='ocrx_word' id='word_1_258' title='bbox 223 4106 309 4157; x_wconf 73' lang='lat' dir='ltr'>trtid.</span> <span class='ocrx_word' id='word_1_259' title='bbox 327 4109 352 4155; x_wconf 88' lang='lat' dir='ltr'>r.</span> <span class='ocrx_word' id='word_1_260' title='bbox 371 4109 396 4169; x_wconf 86' lang='lat' dir='ltr'>r,</span> <span class='ocrx_word' id='word_1_261' title='bbox 415 4108 445 4172; x_wconf 65' lang='lat' dir='ltr'>qr</span> <span class='ocrx_word' id='word_1_262' title='bbox 465 4105 607 4156; x_wconf 72' lang='lat' dir='ltr'>rar-128.</span> 
     </span>
    </p>
   </div>
   <div class='ocr_carea' id='block_1_6' title="bbox 0 0 1381 4740">
    <p class='ocr_par' dir='ltr' id='par_1_8' title="bbox 0 0 1381 4740">
     <span class='ocr_line' id='line_1_36' title="bbox 0 0 1381 4740; baseline 0 0"><span class='ocrx_word' id='word_1_263' title='bbox 0 0 1381 4740; x_wconf 95' lang='lat' dir='ltr'> </span> 
     </span>
    </p>
   </div>
  </div>
 </body>
</html>
