2738 4740
739 388 780 448 38

270 571 487 657 prehenderet,
510 573 612 657 plures
633 571 668 634 iis
689 572 815 636 luissent
837 569 1037 655 adstipulalae
1060 573 1082 632 ¹.
1130 569 1240 652 Quod-

269 706 406 770 cumque
435 684 530 770 igitur
555 685 704 749 sancitum
729 685 769 748 ab
798 683 958 748 ordinibus
984 684 1103 760 luisset,
1135 686 1245 769 populi

268 798 334 863 fieri
353 796 478 862 nomine
497 796 557 862 dici
576 796 635 863 bec
653 806 772 862 tontum
795 796 835 861 de
854 817 944 860 causa
970 795 1067 872 licuit,
1086 797 1171 883 quod
1190 809 1245 863 eut

268 911 383 976 civium
402 911 510 975 classes
522 918 644 994 praeter
659 930 718 984 eas,
733 930 813 995 quae
829 907 1011 994 suffragium
1028 909 1178 987 tulissent,
1190 909 1245 975 be-

266 1022 413 1088 berentur
435 1023 549 1106 nullae,
571 1034 623 1087 aut
651 1022 675 1086 si
706 1044 785 1107 quae
808 1033 925 1097 essent,
952 1021 1096 1086 ordinum
1121 1023 1245 1107 juribus

267 1135 444 1215 destitulae,
468 1136 528 1199 illis
547 1135 589 1200 sic
610 1134 734 1200 humilis
755 1134 786 1198 in
811 1155 843 1197 re
864 1133 989 1219 publiea
1013 1133 1150 1199 conditio
1170 1157 1246 1220 sup·

268 1259 402 1334 peteret,
425 1260 471 1326 ut,
496 1251 542 1314 vel
563 1250 689 1314 omnino
711 1249 760 1311 vix
787 1268 873 1332 posse
897 1247 1016 1313 civibus
1037 1247 1243 1325 adnumerari,

269 1365 315 1428 rel
342 1374 436 1439 corte,
460 1363 578 1448 jurium
605 1362 902 1448 commodarumque
931 1383 1056 1425 suorum
1086 1373 1243 1446 respectu,

268 1501 283 1540 a
303 1477 506 1563 superiorum,
519 1476 632 1562 quibus
643 1477 789 1540 obnoxiae
800 1486 909 1552 essent,
923 1473 1076 1553 classium,
1092 1475 1244 1539 nobilium

269 1589 456 1676 praesertim,
480 1588 602 1673 juribus
628 1586 860 1673 commodisque
887 1587 978 1652 unice
998 1586 1245 1652 existimarentur

269 1701 403 1788 pendero
417 1699 441 1766 ².

313 1812 428 1879 Verum
457 1810 496 1875 de
530 1811 664 1897 antiquis
693 1811 751 1874 illis
784 1811 942 1876 ordinibus
974 1809 1049 1877 baec
1078 1810 1242 1875 sufficiant.

267 1927 401 2010 Tempus
430 1935 474 1988 est
495 1924 588 1988 ulad
616 1947 651 1990 ea
679 1925 813 1989 breviter
838 1924 1013 2011 exponendo
1032 1937 1242 1999 transeamus,

268 2037 401 2126 quaein
421 2059 529 2103 eorum
545 2037 773 2116 constitutione,
796 2038 1008 2103 distributione
1028 2037 1244 2121 concessisque

267 2152 305 2214 iis
322 2151 445 2236 juribus
471 2163 502 2216 ot
528 2150 706 2228 bonoribus,
733 2151 958 2217 recentissimae
984 2150 1089 2215 aetolis
1117 2149 1162 2214 sic
1181 2149 1245 2213 im·

268 2275 428 2330 mutarunt
450 2265 572 2349 placito,
595 2274 733 2341 eventus,
751 2263 980 2341 vicissitudines,
1004 2273 1049 2340 ut,
1071 2260 1153 2348 epud
1173 2264 1264 2354 ple-y

269 2398 381 2462 rosque
414 2386 498 2440 certo
518 2375 659 2461 populos,
684 2397 797 2441 novum
823 2376 915 2461 plone
939 2375 1012 2441 inde
1040 2385 1180 2440 exortum
1205 2377 1244 2438 sit

268 2488 478 2551 institutorum
497 2509 605 2573 genus.
988 2494 990 2499 ’

313 2599 403 2681 Quod
425 2599 544 2664 salvum
571 2600 792 2687 incolumeque
824 2621 880 2684 per
903 2610 948 2663 tot
976 2602 1097 2667 saeculo
1121 2612 1244 2665 steterat

267 2713 434 2797 Imperium
464 2711 685 2778 Germanicum
719 2714 952 2798 multorumque
984 2736 1076 2799 saepe
1109 2711 1242 2777 bostium

268 2825 329 2887 vim
357 2825 510 2910 repulerat
536 2824 725 2900 felicissime,
748 2827 829 2891 inter
851 2826 988 2891 civitates
1012 2840 1115 2892 autem
1142 2830 1242 2892 Euro·
1337 2831 1341 2839 “

267 2958 355 3023 paces
373 2937 476 3002 locum
496 2937 555 3001 sibi
574 2936 780 3002 vindicaverat
803 2938 1020 3025 praecipuum:
1044 2938 1123 3005 illud
1150 2951 1244 3004 trun-

268 3062 370 3115 cetum
397 3051 482 3115 brevi
508 3059 664 3133 tempore,
687 3035 887 3115 dilaceratum
916 3073 952 3116 ac
975 3074 1098 3137 prorsus
1119 3053 1242 3118 tandem

268 3161 448 3226 dissolutum
482 3163 553 3236 luit,
586 3174 746 3249 postquem
781 3165 968 3229 Francorum
996 3187 1090 3251 gens,
1125 3165 1243 3230 bellicis

304 3338 310 3369 ¹
330 3342 458 3404 Erannosn,
477 3345 490 3409 d
508 3343 569 3405 425,
589 3347 645 3393 coll.
664 3344 678 3410 p
696 3344 757 3407 ⁴24,
775 3357 825 3394 not.
837 3363 858 3403 ις
888 3360 1096 3410 ιΛυιιιιιαιωιιιι,
1108 3351 1125 3397 l.
1139 3351 1157 3398 l.
1173 3349 1242 3416 §bb

299 3433 310 3461 ²
329 3435 542 3498 Mnuunnsucnn,
560 3438 577 3485 l,
597 3440 614 3485 l.
633 3438 647 3502 ll
666 3437 725 3499 152,
744 3439 773 3486 ds
790 3439 901 3487 Ordinum
919 3442 1099 3502 provincialium
1115 3443 1242 3492 instituto:

269 3528 334 3573 »lon
351 3530 415 3576 einer
432 3531 588 3595 Vertretung’'
610 3533 688 3594 inquit
707 3536 753 3581 nim
776 3534 887 3597 beotigen
912 3535 969 3584 Sion
996 3554 1045 3583 wer
1061 3538 1131 3586 dubei
1148 3541 1187 3587 nie
1204 3539 1243 3586 die

270 3617 356 3665 allode.
392 3622 461 3669 ledes
485 3624 648 3687 srmdesglied
674 3627 742 3673 stand
760 3645 805 3674 nur
823 3627 860 3674 fuir
884 3629 949 3676 seire
968 3631 1054 3678 Person
1072 3632 1115 3678 nul
1130 3633 1179 3678 und
1198 3650 1244 3680 nur

269 3722 327 3754 seur
348 3709 424 3758 dieser
441 3714 525 3763 herous
552 3717 590 3763 lior
606 3717 644 3764 die
662 3719 893 3768 Landorinterevveri.
930 3723 958 3769 Er
976 3740 1025 3770 vvrr
1050 3724 1106 3772 uber
1130 3727 1242 3776 denuocb

270 3799 323 3844 sein
341 3801 462 3850 dultreten
480 3806 521 3852 des
539 3824 627 3867 ponzen
645 3810 747 3871 Laudes,
771 3812 823 3858 dem
840 3813 1005 3862 Landevberrn
1023 3820 1167 3881 gegeniiber,
1186 3823 1241 3868 weil

270 3888 323 3934 sdic
346 3890 441 3950 Stinrle,
466 3896 556 3943 welobe
580 3900 605 3946 in
631 3917 727 3963 corpore
755 3905 884 3965 intentes,
908 3907 949 3954 dor
974 3922 1100 3969 gesammte
1119 3913 1198 3961 beben
1217 3915 1241 3962 in

269 3978 350 4025 »allen
374 3982 452 4029 reineri
473 3986 633 4050 Brziebungen
652 3994 812 4043 nmocblosseu
831 3998 879 4045 und
897 3999 1066 4050 drrvtellten.”
1100 4005 1134 4052 (ΙΙ.
1154 4018 1242 4068 sanun,

267 4073 308 4119 llie
326 4070 460 4120 St‘a'ndisrlrr
480 4078 617 4143 lerirssung
637 4087 682 4131 und
701 4088 738 4134 dir
758 4090 889 4139 Dentsrbon
907 4094 1106 4159 Constitutionen,
1126 4118 1147 4160 p.
1166 4101 1209 4148 ⁴3.
1280 4076 1283 4081 -
