2738 4740
647 425 706 485 231

193 602 258 682 jam
279 601 335 666 alia
355 601 530 666 monuimus
549 605 789 685 opportunitate,
815 605 846 666 iu
869 625 905 667 eo
921 605 1025 668 multis
1043 606 1157 668 recenti

199 714 309 778 foederi
336 715 524 801 adstipulatio
544 713 745 799 principibus,
770 715 828 781 hoc
852 727 996 801 tempore,
1020 729 1156 781 veterum

198 826 404 892 institutorum
434 827 617 892 tenaciorem
647 849 696 889 rex
724 848 786 890 sese
817 828 964 911 praestitit
995 830 1158 907 Saxoniae,

196 939 277 1024 quod
298 940 442 1015 minime,
467 940 544 1004 sicut
568 940 620 1003 isti
643 939 836 1033 factitabant,
859 961 1032 1026 supremam
1050 943 1160 1025 acqui-

196 1053 282 1117 sitam
302 1063 480 1137 potestatem
507 1053 681 1118 minuendis
709 1053 883 1119 tollendisre
902 1052 1043 1118 ordinum
1066 1053 1097 1142 in
1118 1055 1160 1116 rei

197 1165 338 1248 publicae
355 1167 490 1250 gestione
504 1166 626 1250 juribus
644 1165 887 1250 adhibuerit13a
907 1167 991 1253 quali
1004 1165 1163 1230 molimine

197 1275 240 1339 sio
260 1276 362 1360 potius
380 1275 516 1340 alienum
535 1277 623 1341 illum
641 1278 784 1343 exstitisse
805 1279 983 1364 reperimus,
1002 1286 1045 1353 ut,
1059 1274 1162 1339 habito

197 1385 248 1450 die
272 1391 311 1452 10
335 1408 377 1453 m.
407 1388 477 1472 llaji
502 1393 585 1456 1807
613 1391 795 1456 selectorum
820 1391 960 1455 ordinum
987 1411 1160 1479 congressu,

199 1498 325 1565 civitatis
349 1501 595 1568 constitutionem
611 1505 747 1590 juraque
767 1505 867 1570 omnia
892 1504 965 1569 inde
983 1503 1163 1590 profluentia

198 1633 262 1678 sese
290 1614 458 1695 tuiturum,
498 1619 624 1683 solemni
665 1618 867 1685 declaratione
898 1621 937 1682 sit
969 1617 1124 1704 pollicitus
1138 1615 1163 1681 ².

197 1726 391 1812 Quamquam
420 1751 479 1795 nec
512 1751 602 1795 caeco
636 1731 777 1797 eumdem
810 1731 909 1796 studio
937 1731 1010 1795 duci
1037 1729 1161 1792 illorum

197 1839 288 1904 etium
306 1840 509 1907 incolumium
527 1843 755 1922 servandorum,
775 1866 856 1931 quae
877 1856 912 1908 ut
928 1843 1162 1908 emendarentur

196 1962 249 2014 aut
278 1963 451 2037 temporum
486 1957 647 2020 necessitas
676 1955 841 2041 postularet
869 1966 922 2019 aut
950 1957 995 2020 rei
1021 1952 1163 2037 publicae

195 2063 322 2130 suadere
343 2067 458 2131 utilitas
480 2068 652 2143 rideretur,
674 2068 772 2130 multa
789 2089 861 2129 sano
878 2065 1091 2142 ostenderunt,
1109 2064 1162 2127 do·

196 2199 253 2241 nec
283 2179 363 2242 salva
388 2178 503 2242 steterit
523 2177 670 2242 Rhennna
697 2177 896 2253 consociatio,
921 2176 1009 2240 uariis
1031 2177 1064 2238 in
1084 2175 1164 2258 juris

195 2288 523 2373 administrationisque
542 2288 711 2373 capitibus,
736 2288 923 2373 prudenter,
947 2288 1001 2351 illo
1028 2299 1163 2367 auctore,

196 2401 357 2463 immutata
375 2399 398 2464 ³.
428 2401 569 2481 Quorum
590 2399 648 2466 hoc
669 2402 776 2465 merito
801 2401 911 2466 dixeris
934 2401 1161 2488 gravissimum,

197 2510 292 2595 quod,
312 2533 383 2576 oum
403 2523 491 2577 antea
517 2515 643 2579 caeteris
670 2514 845 2580 Christianis
872 2517 964 2602 louge
989 2515 1161 2579 laustiorem

197 2622 402 2689 conditionem
424 2625 621 2690 obtinuissent
642 2627 822 2704 Lutherani,
844 2627 888 2691 his
908 2628 1061 2712 primum,
1081 2650 1162 2691 auno

199 2740 302 2818 1807,
322 2738 485 2816 Catholici,
505 2739 633 2817 deinde,
654 2742 855 2826 quadriennio
883 2752 959 2825 post,
984 2741 1161 2814 Reformati,

197 2853 335 2916 omnium
345 2863 407 2917 tam
421 2853 556 2918 civilium
567 2876 660 2938 quam
677 2853 871 2938 politicorum
879 2854 997 2937 jurium
1014 2864 1161 2935 respectu,

197 2963 356 3028 adsimilati
375 2965 500 3028 luerunt
518 2967 540 3029 l.

241 3078 383 3162 Regnum
414 3078 579 3154 Saxoniae,
613 3100 710 3163 quum
735 3099 789 3161 per
810 3079 904 3140 varias
933 3098 1035 3139 rerum
1067 3079 1160 3140 Euro-

194 3206 374 3216 ....-..-—...

232 3262 239 3292 ¹
259 3261 308 3310 vid.
326 3278 387 3324 quae
403 3278 472 3323 supra
489 3262 599 3323 diximus,
616 3281 638 3325 p.
659 3262 699 3311 tt.

232 3353 242 3385 ¹
260 3355 407 3410 Ulmum,
424 3357 437 3420 p
453 3351 497 3415 21,
515 3373 538 3416 p.
558 3352 592 3402 72
607 3365 631 3402 et
647 3364 697 3403 not.
715 3372 737 3403 a.
772 3354 806 3403 Cl.
824 3368 921 3414 truste,
938 3356 1023 3403 (leuch.
1042 3373 1065 3403 r.
1082 3357 1161 3404 sache.

199 3447 223 3494 l.
241 3448 292 3508 Vll,
310 3465 333 3509 p.
348 3445 406 3508 174,
424 3464 477 3510 sqq.
494 3461 705 3511 ussermann,
722 3449 824 3497 Gruuds.
834 3448 856 3496 d.
866 3447 932 3496 licut.
942 3449 1052 3496 lleutxelr.
1063 3449 1161 3498 Startsr.

196 3541 211 3604 p
230 3537 287 3601 127,
305 3549 357 3588 not.
373 3558 405 3602 m,
422 3542 435 3606 p
452 3539 511 3603 149,
528 3551 577 3590 uot.
595 3544 613 3590 i.
638 3543 705 3605 lpeae
721 3542 780 3590 adeo
797 3543 861 3603 leger
878 3542 1021 3604 lmperiales,
1037 3544 1083 3590 nisi
1100 3561 1160 3606 quac

196 3633 225 3679 ad
243 3642 345 3681 veterem
363 3649 414 3681 eurr
430 3634 531 3696 lmpexio
548 3651 633 3682 nexum
651 3635 809 3697 pertinebant,
826 3643 930 3682 eerrrtae
942 3635 1044 3683 luerunt.
1064 3636 1088 3682 l.
1102 3650 1163 3683 uarr-

196 3739 266 3787 loutt,
283 3725 363 3775 sache.
381 3727 481 3775 l’rirrtr.
498 3727 513 3792 p
529 3724 572 3775 26.

230 3819 240 3851 ³
257 3822 349 3882 Bucen,
367 3820 451 3869 deuel.
469 3820 590 3872 tteutselrl.
600 3838 623 3868 v.
637 3818 813 3880 reos-1830,
823 3838 846 3882 p.
858 3818 900 3881 28,
912 3831 962 3868 not.
974 3819 1004 3877 2;
1023 3835 1163 3882 erecturus,

195 3915 208 3976 d
225 3912 268 3975 21,
285 3925 335 3964 not.
354 3916 378 3962 lt.

230 4004 403 4056 ‘Mutuum
422 4007 435 4070 d
452 4005 495 4067 21,
513 4026 535 4068 p.
554 4005 586 4054 72
605 4017 627 4055 ct
645 4017 694 4055 not.
712 4025 738 4070 ο,
765 4013 851 4067 suctu,
871 4010 1011 4070 tersassnng
1030 4028 1051 4057 u.
1071 4013 1165 4062 laxiar-

197 4114 288 4160 suugxr.
305 4101 318 4161 d
335 4098 376 4162 ll,
395 4119 416 4162 p.
435 4096 476 4146 26.
