<?xml version="1.0" encoding="UTF-8"?>
<!DOCTYPE html PUBLIC "-//W3C//DTD XHTML 1.0 Transitional//EN"
    "http://www.w3.org/TR/xhtml1/DTD/xhtml1-transitional.dtd">
<html xmlns="http://www.w3.org/1999/xhtml" xml:lang="en" lang="en">
 <head>
  <title>
</title>
<meta http-equiv="Content-Type" content="text/html;charset=utf-8" />
  <meta name='ocr-system' content='tesseract 3.04.00' />
  <meta name='ocr-capabilities' content='ocr_page ocr_carea ocr_par ocr_line ocrx_word'/>
</head>
<body>
  <div class='ocr_page' id='page_1' title='image "./specimenjurispu00backgoog_0248.png"; bbox 0 0 2738 4740; ppageno 0'>
   <div class='ocr_carea' id='block_1_1' title="bbox 614 427 677 489">
    <p class='ocr_par' dir='ltr' id='par_1_1' title="bbox 614 427 677 489">
     <span class='ocr_line' id='line_1_1' title="bbox 614 427 677 489; baseline 0.032 -2"><span class='ocrx_word' id='word_1_1' title='bbox 614 427 677 489; x_wconf 79' lang='lat'><strong>224</strong></span> 
     </span>
    </p>
   </div>
   <div class='ocr_carea' id='block_1_2' title="bbox 120 607 1142 3511">
    <p class='ocr_par' dir='ltr' id='par_1_2' title="bbox 162 607 1136 2472">
     <span class='ocr_line' id='line_1_2' title="bbox 163 607 1134 698; baseline -0.001 -22"><span class='ocrx_word' id='word_1_2' title='bbox 163 610 245 698; x_wconf 90' lang='lat' dir='ltr'><strong>quod</strong></span> <span class='ocrx_word' id='word_1_3' title='bbox 265 610 405 685; x_wconf 76' lang='lat' dir='ltr'>diximus,</span> <span class='ocrx_word' id='word_1_4' title='bbox 417 607 635 693; x_wconf 88' lang='lat' dir='ltr'><strong>interpretandi</strong></span> <span class='ocrx_word' id='word_1_5' title='bbox 657 628 769 695; x_wconf 84' lang='lat' dir='ltr'><strong>genere</strong></span> <span class='ocrx_word' id='word_1_6' title='bbox 787 609 951 672; x_wconf 89' lang='lat' dir='ltr'><strong>necessario</strong></span> <span class='ocrx_word' id='word_1_7' title='bbox 969 611 1085 688; x_wconf 83' lang='lat' dir='ltr'><strong>evenit,</strong></span> <span class='ocrx_word' id='word_1_8' title='bbox 1099 622 1134 675; x_wconf 91' lang='lat' dir='ltr'><strong>ut</strong></span> 
     </span>
     <span class='ocr_line' id='line_1_3' title="bbox 162 718 1134 808; baseline -0.006 -19"><span class='ocrx_word' id='word_1_9' title='bbox 162 733 310 808; x_wconf 86' lang='lat' dir='ltr'><strong>occupata</strong></span> <span class='ocrx_word' id='word_1_10' title='bbox 329 723 512 786; x_wconf 83' lang='lat' dir='ltr'><strong>ann01728</strong></span> <span class='ocrx_word' id='word_1_11' title='bbox 538 719 665 784; x_wconf 76' lang='lat' dir='ltr'><strong>facultas</strong></span> <span class='ocrx_word' id='word_1_12' title='bbox 685 719 806 783; x_wconf 89' lang='lat' dir='ltr'><strong>nonnisi</strong></span> <span class='ocrx_word' id='word_1_13' title='bbox 830 718 888 783; x_wconf 87' lang='lat' dir='ltr'><strong>illis</strong></span> <span class='ocrx_word' id='word_1_14' title='bbox 911 718 1047 784; x_wconf 91' lang='lat' dir='ltr'><strong>dominis</strong></span> <span class='ocrx_word' id='word_1_15' title='bbox 1065 723 1134 787; x_wconf 87' lang='lat' dir='ltr'><strong>usui</strong></span> 
     </span>
     <span class='ocr_line' id='line_1_4' title="bbox 163 832 1133 921; baseline -0.001 -21"><span class='ocrx_word' id='word_1_16' title='bbox 163 857 226 900; x_wconf 90' lang='lat' dir='ltr'><strong>esse</strong></span> <span class='ocrx_word' id='word_1_17' title='bbox 250 845 410 921; x_wconf 77' lang='lat' dir='ltr'><strong>pergeret,</strong></span> <span class='ocrx_word' id='word_1_18' title='bbox 442 834 474 897; x_wconf 92' lang='lat' dir='ltr'><strong>in</strong></span> <span class='ocrx_word' id='word_1_19' title='bbox 503 832 616 919; x_wconf 90' lang='lat' dir='ltr'><strong>quibus</strong></span> <span class='ocrx_word' id='word_1_20' title='bbox 650 841 887 897; x_wconf 89' lang='lat' dir='ltr'><strong>memoratarum</strong></span> <span class='ocrx_word' id='word_1_21' title='bbox 917 832 1133 900; x_wconf 90' lang='lat' dir='ltr'><strong>conditionum</strong></span> 
     </span>
     <span class='ocr_line' id='line_1_5' title="bbox 162 943 1132 1027; baseline 0.001 -16"><span class='ocrx_word' id='word_1_22' title='bbox 162 947 308 1011; x_wconf 90' lang='lat' dir='ltr'><strong>alterutra</strong></span> <span class='ocrx_word' id='word_1_23' title='bbox 327 944 471 1011; x_wconf 86' lang='lat' dir='ltr'><strong>delineret</strong></span> <span class='ocrx_word' id='word_1_24' title='bbox 480 945 503 1012; x_wconf 88' lang='lat'><strong>¹.</strong></span> <span class='ocrx_word' id='word_1_25' title='bbox 525 945 612 1027; x_wconf 89' lang='lat' dir='ltr'><strong>Quae</strong></span> <span class='ocrx_word' id='word_1_26' title='bbox 629 945 732 1010; x_wconf 88' lang='lat' dir='ltr'><strong>omnia</strong></span> <span class='ocrx_word' id='word_1_27' title='bbox 750 943 841 1010; x_wconf 90' lang='lat' dir='ltr'><strong>sicuti</strong></span> <span class='ocrx_word' id='word_1_28' title='bbox 857 943 990 1011; x_wconf 87' lang='lat' dir='ltr'><strong>habendi</strong></span> <span class='ocrx_word' id='word_1_29' title='bbox 1005 947 1132 1012; x_wconf 90' lang='lat' dir='ltr'><strong>titulum</strong></span> 
     </span>
     <span class='ocr_line' id='line_1_6' title="bbox 163 1056 1130 1147; baseline 0 -23"><span class='ocrx_word' id='word_1_30' title='bbox 163 1060 327 1147; x_wconf 76' lang='lat' dir='ltr'><strong>legemque</strong></span> <span class='ocrx_word' id='word_1_31' title='bbox 351 1080 388 1123; x_wconf 91' lang='lat' dir='ltr'><strong>ac</strong></span> <span class='ocrx_word' id='word_1_32' title='bbox 402 1058 491 1143; x_wconf 90' lang='lat' dir='ltr'><strong>juris,</strong></span> <span class='ocrx_word' id='word_1_33' title='bbox 511 1056 593 1144; x_wconf 89' lang='lat' dir='ltr'><strong>qnod</strong></span> <span class='ocrx_word' id='word_1_34' title='bbox 613 1056 765 1122; x_wconf 90' lang='lat' dir='ltr'><strong>bonorum</strong></span> <span class='ocrx_word' id='word_1_35' title='bbox 784 1077 849 1121; x_wconf 87' lang='lat' dir='ltr'><strong>esse</strong></span> <span class='ocrx_word' id='word_1_36' title='bbox 866 1058 1058 1137; x_wconf 77' lang='lat' dir='ltr'><strong>censebatur,</strong></span> <span class='ocrx_word' id='word_1_37' title='bbox 1074 1081 1130 1124; x_wconf 85' lang='lat' dir='ltr'><strong>na-</strong></span> 
     </span>
     <span class='ocr_line' id='line_1_7' title="bbox 163 1169 1132 1257; baseline 0.001 -21"><span class='ocrx_word' id='word_1_38' title='bbox 163 1183 264 1236; x_wconf 90' lang='lat' dir='ltr'><strong>turam</strong></span> <span class='ocrx_word' id='word_1_39' title='bbox 286 1170 378 1235; x_wconf 88' lang='lat' dir='ltr'><strong>unice</strong></span> <span class='ocrx_word' id='word_1_40' title='bbox 397 1169 578 1257; x_wconf 88' lang='lat' dir='ltr'><strong>respiciunt,</strong></span> <span class='ocrx_word' id='word_1_41' title='bbox 600 1170 644 1235; x_wconf 86' lang='lat' dir='ltr'><strong>its</strong></span> <span class='ocrx_word' id='word_1_42' title='bbox 670 1170 752 1234; x_wconf 88' lang='lat' dir='ltr'><strong>circa</strong></span> <span class='ocrx_word' id='word_1_43' title='bbox 771 1189 951 1254; x_wconf 74' lang='lat' dir='ltr'><strong>possessores</strong></span> <span class='ocrx_word' id='word_1_44' title='bbox 973 1171 1052 1256; x_wconf 87' lang='lat' dir='ltr'><strong>ipsos</strong></span> <span class='ocrx_word' id='word_1_45' title='bbox 1070 1170 1132 1237; x_wconf 89' lang='lat' dir='ltr'><strong>boc</strong></span> 
     </span>
     <span class='ocr_line' id='line_1_8' title="bbox 163 1281 1130 1372; baseline 0.002 -25"><span class='ocrx_word' id='word_1_46' title='bbox 163 1283 324 1350; x_wconf 91' lang='lat' dir='ltr'><strong>inductum</strong></span> <span class='ocrx_word' id='word_1_47' title='bbox 343 1284 489 1369; x_wconf 87' lang='lat' dir='ltr'><strong>placitum</strong></span> <span class='ocrx_word' id='word_1_48' title='bbox 516 1283 630 1348; x_wconf 91' lang='lat' dir='ltr'><strong>saeculi</strong></span> <span class='ocrx_word' id='word_1_49' title='bbox 652 1281 764 1347; x_wconf 90' lang='lat' dir='ltr'><strong>decimi</strong></span> <span class='ocrx_word' id='word_1_50' title='bbox 788 1284 885 1348; x_wconf 72' lang='lat' dir='ltr'><strong>oetan</strong></span> <span class='ocrx_word' id='word_1_51' title='bbox 904 1283 1057 1372; x_wconf 90' lang='lat' dir='ltr'><strong>principio</strong></span> <span class='ocrx_word' id='word_1_52' title='bbox 1075 1308 1130 1349; x_wconf 93' lang='lat' dir='ltr'><strong>re-</strong></span> 
     </span>
     <span class='ocr_line' id='line_1_9' title="bbox 164 1395 1133 1485; baseline 0.002 -23"><span class='ocrx_word' id='word_1_53' title='bbox 164 1398 309 1484; x_wconf 91' lang='lat' dir='ltr'><strong>perimus,</strong></span> <span class='ocrx_word' id='word_1_54' title='bbox 333 1397 580 1485; x_wconf 89' lang='lat' dir='ltr'><strong>quibuscumque</strong></span> <span class='ocrx_word' id='word_1_55' title='bbox 605 1417 667 1461; x_wconf 94' lang='lat' dir='ltr'><strong>non</strong></span> <span class='ocrx_word' id='word_1_56' title='bbox 687 1395 712 1460; x_wconf 90' lang='lat' dir='ltr'><strong>is</strong></span> <span class='ocrx_word' id='word_1_57' title='bbox 735 1396 882 1461; x_wconf 88' lang='lat' dir='ltr'><strong>natalium</strong></span> <span class='ocrx_word' id='word_1_58' title='bbox 906 1398 1050 1483; x_wconf 90' lang='lat' dir='ltr'><strong>splendor</strong></span> <span class='ocrx_word' id='word_1_59' title='bbox 1062 1422 1133 1485; x_wconf 89' lang='lat' dir='ltr'><strong>sup·</strong></span> 
     </span>
     <span class='ocr_line' id='line_1_10' title="bbox 163 1508 1133 1596; baseline -0.001 -22"><span class='ocrx_word' id='word_1_60' title='bbox 163 1520 298 1596; x_wconf 89' lang='lat' dir='ltr'><strong>peteret,</strong></span> <span class='ocrx_word' id='word_1_61' title='bbox 317 1520 353 1574; x_wconf 94' lang='lat' dir='ltr'><strong>ut</strong></span> <span class='ocrx_word' id='word_1_62' title='bbox 375 1509 508 1575; x_wconf 84' lang='lat' dir='ltr'><strong>sedecim</strong></span> <span class='ocrx_word' id='word_1_63' title='bbox 523 1508 674 1574; x_wconf 86' lang='lat' dir='ltr'><strong>nobilium</strong></span> <span class='ocrx_word' id='word_1_64' title='bbox 691 1508 843 1594; x_wconf 87' lang='lat' dir='ltr'><strong>majorum</strong></span> <span class='ocrx_word' id='word_1_65' title='bbox 860 1509 969 1576; x_wconf 88' lang='lat' dir='ltr'><strong>seriem</strong></span> <span class='ocrx_word' id='word_1_66' title='bbox 989 1510 1133 1576; x_wconf 80' lang='lat' dir='ltr'><strong>exhibere</strong></span> 
     </span>
     <span class='ocr_line' id='line_1_11' title="bbox 164 1621 1134 1710; baseline -0.004 -20"><span class='ocrx_word' id='word_1_67' title='bbox 164 1635 303 1710; x_wconf 88' lang='lat' dir='ltr'><strong>possent,</strong></span> <span class='ocrx_word' id='word_1_68' title='bbox 332 1644 481 1708; x_wconf 78' lang='lat' dir='ltr'><strong>expensae</strong></span> <span class='ocrx_word' id='word_1_69' title='bbox 504 1642 701 1688; x_wconf 83' lang='lat' dir='ltr'><strong>consessuum</strong></span> <span class='ocrx_word' id='word_1_70' title='bbox 729 1621 956 1706; x_wconf 72' lang='lat' dir='ltr'><strong>opportunitate</strong></span> <span class='ocrx_word' id='word_1_71' title='bbox 983 1625 1134 1709; x_wconf 89' lang='lat' dir='ltr'><strong>pecuniae</strong></span> 
     </span>
     <span class='ocr_line' id='line_1_12' title="bbox 164 1733 1134 1820; baseline -0.003 -19"><span class='ocrx_word' id='word_1_72' title='bbox 164 1759 227 1802; x_wconf 88' lang='lat' dir='ltr'><strong>non</strong></span> <span class='ocrx_word' id='word_1_73' title='bbox 253 1736 365 1801; x_wconf 92' lang='lat' dir='ltr'><strong>debere</strong></span> <span class='ocrx_word' id='word_1_74' title='bbox 388 1734 520 1820; x_wconf 83' lang='lat' dir='ltr'><strong>permitti</strong></span> <span class='ocrx_word' id='word_1_75' title='bbox 542 1734 775 1800; x_wconf 87' lang='lat' dir='ltr'><strong>restitutionem.</strong></span> <span class='ocrx_word' id='word_1_76' title='bbox 819 1734 911 1816; x_wconf 90' lang='lat' dir='ltr'><strong>Quod</strong></span> <span class='ocrx_word' id='word_1_77' title='bbox 929 1733 1000 1800; x_wconf 91' lang='lat' dir='ltr'><strong>ideo</strong></span> <span class='ocrx_word' id='word_1_78' title='bbox 1022 1736 1134 1800; x_wconf 79' lang='lat' dir='ltr'><strong>referre</strong></span> 
     </span>
     <span class='ocr_line' id='line_1_13' title="bbox 165 1844 1134 1934; baseline -0.001 -22"><span class='ocrx_word' id='word_1_79' title='bbox 165 1846 313 1934; x_wconf 91' lang='lat' dir='ltr'><strong>oportuit,</strong></span> <span class='ocrx_word' id='word_1_80' title='bbox 332 1846 404 1931; x_wconf 89' lang='lat' dir='ltr'><strong>qnia</strong></span> <span class='ocrx_word' id='word_1_81' title='bbox 424 1846 463 1910; x_wconf 90' lang='lat' dir='ltr'><strong>ab</strong></span> <span class='ocrx_word' id='word_1_82' title='bbox 482 1844 541 1910; x_wconf 86' lang='lat' dir='ltr'><strong>lroc</strong></span> <span class='ocrx_word' id='word_1_83' title='bbox 556 1845 630 1909; x_wconf 92' lang='lat' dir='ltr'><strong>inde</strong></span> <span class='ocrx_word' id='word_1_84' title='bbox 647 1857 785 1931; x_wconf 88' lang='lat' dir='ltr'><strong>tempore</strong></span> <span class='ocrx_word' id='word_1_85' title='bbox 801 1846 844 1910; x_wconf 93' lang='lat' dir='ltr'><strong>illi</strong></span> <span class='ocrx_word' id='word_1_86' title='bbox 861 1867 966 1911; x_wconf 88' lang='lat' dir='ltr'><strong>omnes</strong></span> <span class='ocrx_word' id='word_1_87' title='bbox 981 1869 1134 1932; x_wconf 90' lang='lat' dir='ltr'><strong>possesso·</strong></span> 
     </span>
     <span class='ocr_line' id='line_1_14' title="bbox 164 1957 1135 2045; baseline -0.003 -19"><span class='ocrx_word' id='word_1_88' title='bbox 164 1982 231 2044; x_wconf 90' lang='lat' dir='ltr'><strong>res,</strong></span> <span class='ocrx_word' id='word_1_89' title='bbox 249 1959 304 2045; x_wconf 94' lang='lat' dir='ltr'><strong>qni</strong></span> <span class='ocrx_word' id='word_1_90' title='bbox 322 1967 375 2023; x_wconf 88' lang='lat' dir='ltr'><strong>aut</strong></span> <span class='ocrx_word' id='word_1_91' title='bbox 394 1957 508 2043; x_wconf 89' lang='lat' dir='ltr'><strong>plebeji</strong></span> <span class='ocrx_word' id='word_1_92' title='bbox 529 1969 628 2022; x_wconf 92' lang='lat' dir='ltr'><strong>essent</strong></span> <span class='ocrx_word' id='word_1_93' title='bbox 650 1969 705 2023; x_wconf 88' lang='lat' dir='ltr'><strong>aut</strong></span> <span class='ocrx_word' id='word_1_94' title='bbox 724 1959 839 2024; x_wconf 89' lang='lat' dir='ltr'><strong>recenti</strong></span> <span class='ocrx_word' id='word_1_95' title='bbox 858 1969 1017 2024; x_wconf 92' lang='lat' dir='ltr'><strong>uterentur</strong></span> <span class='ocrx_word' id='word_1_96' title='bbox 1040 1961 1135 2024; x_wconf 92' lang='lat' dir='ltr'><strong>nobi·</strong></span> 
     </span>
     <span class='ocr_line' id='line_1_15' title="bbox 165 2069 1136 2156; baseline -0.002 -20"><span class='ocrx_word' id='word_1_97' title='bbox 165 2072 259 2150; x_wconf 86' lang='lat' dir='ltr'><strong>litate,</strong></span> <span class='ocrx_word' id='word_1_98' title='bbox 283 2072 317 2136; x_wconf 93' lang='lat' dir='ltr'><strong>in</strong></span> <span class='ocrx_word' id='word_1_99' title='bbox 345 2069 523 2136; x_wconf 88' lang='lat' dir='ltr'><strong>concionem</strong></span> <span class='ocrx_word' id='word_1_100' title='bbox 550 2069 699 2134; x_wconf 81' lang='lat' dir='ltr'><strong>ventitare</strong></span> <span class='ocrx_word' id='word_1_101' title='bbox 720 2069 765 2135; x_wconf 91' lang='lat' dir='ltr'><strong>rei</strong></span> <span class='ocrx_word' id='word_1_102' title='bbox 786 2070 955 2156; x_wconf 86' lang='lat' dir='ltr'><strong>sumptibus</strong></span> <span class='ocrx_word' id='word_1_103' title='bbox 981 2071 1136 2135; x_wconf 89' lang='lat' dir='ltr'><strong>absterriti</strong></span> 
     </span>
     <span class='ocr_line' id='line_1_16' title="bbox 166 2179 1135 2273; baseline -0.006 -22"><span class='ocrx_word' id='word_1_104' title='bbox 166 2185 262 2273; x_wconf 88' lang='lat' dir='ltr'><strong>magis</strong></span> <span class='ocrx_word' id='word_1_105' title='bbox 291 2183 450 2271; x_wconf 82' lang='lat' dir='ltr'><strong>magisque</strong></span> <span class='ocrx_word' id='word_1_106' title='bbox 480 2182 637 2271; x_wconf 77' lang='lat' dir='ltr'><strong>negligere</strong></span> <span class='ocrx_word' id='word_1_107' title='bbox 666 2192 851 2267; x_wconf 87' lang='lat' dir='ltr'><strong>coeperunt,</strong></span> <span class='ocrx_word' id='word_1_108' title='bbox 875 2179 987 2247; x_wconf 91' lang='lat' dir='ltr'><strong>debinc</strong></span> <span class='ocrx_word' id='word_1_109' title='bbox 1011 2193 1135 2261; x_wconf 90' lang='lat' dir='ltr'><strong>autem,</strong></span> 
     </span>
     <span class='ocr_line' id='line_1_17' title="bbox 166 2293 1136 2384; baseline -0.001 -23"><span class='ocrx_word' id='word_1_110' title='bbox 166 2309 323 2384; x_wconf 92' lang='lat' dir='ltr'><strong>tamquam</strong></span> <span class='ocrx_word' id='word_1_111' title='bbox 336 2294 401 2379; x_wconf 87' lang='lat' dir='ltr'><strong>juri</strong></span> <span class='ocrx_word' id='word_1_112' title='bbox 419 2315 474 2359; x_wconf 91' lang='lat' dir='ltr'><strong>sno</strong></span> <span class='ocrx_word' id='word_1_113' title='bbox 490 2293 721 2372; x_wconf 83' lang='lat' dir='ltr'><strong>renuntiassent,</strong></span> <span class='ocrx_word' id='word_1_114' title='bbox 742 2293 907 2380; x_wconf 89' lang='lat' dir='ltr'><strong>usurpandi</strong></span> <span class='ocrx_word' id='word_1_115' title='bbox 919 2293 1000 2359; x_wconf 91' lang='lat' dir='ltr'><strong>illins</strong></span> <span class='ocrx_word' id='word_1_116' title='bbox 1013 2295 1136 2380; x_wconf 89' lang='lat' dir='ltr'><strong>incapa-</strong></span> 
     </span>
     <span class='ocr_line' id='line_1_18' title="bbox 167 2405 579 2472; baseline -0.005 0"><span class='ocrx_word' id='word_1_117' title='bbox 167 2429 217 2472; x_wconf 87' lang='lat' dir='ltr'><strong>ces</strong></span> <span class='ocrx_word' id='word_1_118' title='bbox 237 2405 396 2472; x_wconf 85' lang='lat' dir='ltr'><strong>existimati</strong></span> <span class='ocrx_word' id='word_1_119' title='bbox 416 2407 541 2469; x_wconf 83' lang='lat' dir='ltr'><strong>luerunt</strong></span> <span class='ocrx_word' id='word_1_120' title='bbox 555 2405 579 2470; x_wconf 83' lang='lat'><strong>².</strong></span> 
     </span>
    </p>

    <p class='ocr_par' dir='ltr' id='par_1_3' title="bbox 120 2515 1142 3511">
     <span class='ocr_line' id='line_1_19' title="bbox 211 2515 1136 2603; baseline 0.003 -22"><span class='ocrx_word' id='word_1_121' title='bbox 211 2518 280 2598; x_wconf 89' lang='lat' dir='ltr'><strong>Qua</strong></span> <span class='ocrx_word' id='word_1_122' title='bbox 307 2517 509 2581; x_wconf 81' lang='lat' dir='ltr'><strong>inconstantia</strong></span> <span class='ocrx_word' id='word_1_123' title='bbox 526 2516 579 2601; x_wconf 85' lang='lat' dir='ltr'><strong>jus</strong></span> <span class='ocrx_word' id='word_1_124' title='bbox 607 2517 753 2603; x_wconf 89' lang='lat' dir='ltr'><strong>equestris</strong></span> <span class='ocrx_word' id='word_1_125' title='bbox 775 2515 889 2581; x_wconf 90' lang='lat' dir='ltr'><strong>ordinis</strong></span> <span class='ocrx_word' id='word_1_126' title='bbox 911 2519 1064 2584; x_wconf 88' lang='lat' dir='ltr'><strong>laborasse</strong></span> <span class='ocrx_word' id='word_1_127' title='bbox 1082 2519 1136 2585; x_wconf 90' lang='lat' dir='ltr'><strong>de-</strong></span> 
     </span>
     <span class='ocr_line' id='line_1_20' title="bbox 168 2627 1139 2717; baseline 0.001 -22"><span class='ocrx_word' id='word_1_128' title='bbox 168 2627 375 2717; x_wconf 88' lang='lat' dir='ltr'><strong>prehenditur,</strong></span> <span class='ocrx_word' id='word_1_129' title='bbox 399 2651 434 2693; x_wconf 86' lang='lat' dir='ltr'><strong>ea</strong></span> <span class='ocrx_word' id='word_1_130' title='bbox 454 2650 512 2694; x_wconf 91' lang='lat' dir='ltr'><strong>nec</strong></span> <span class='ocrx_word' id='word_1_131' title='bbox 529 2629 619 2713; x_wconf 88' lang='lat' dir='ltr'><strong>plane</strong></span> <span class='ocrx_word' id='word_1_132' title='bbox 639 2629 782 2694; x_wconf 90' lang='lat' dir='ltr'><strong>immunis</strong></span> <span class='ocrx_word' id='word_1_133' title='bbox 800 2629 859 2692; x_wconf 85' lang='lat' dir='ltr'><strong>init</strong></span> <span class='ocrx_word' id='word_1_134' title='bbox 879 2631 1024 2696; x_wconf 90' lang='lat' dir='ltr'><strong>attributa</strong></span> <span class='ocrx_word' id='word_1_135' title='bbox 1044 2633 1139 2696; x_wconf 79' lang='lat' dir='ltr'><strong>Saso-</strong></span> 
     </span>
     <span class='ocr_line' id='line_1_21' title="bbox 169 2739 1138 2829; baseline -0.001 -20"><span class='ocrx_word' id='word_1_136' title='bbox 169 2744 245 2809; x_wconf 91' lang='lat' dir='ltr'><strong>nicis</strong></span> <span class='ocrx_word' id='word_1_137' title='bbox 269 2742 395 2807; x_wconf 92' lang='lat' dir='ltr'><strong>urbibus</strong></span> <span class='ocrx_word' id='word_1_138' title='bbox 414 2743 529 2829; x_wconf 88' lang='lat' dir='ltr'><strong>legatos</strong></span> <span class='ocrx_word' id='word_1_139' title='bbox 546 2742 577 2805; x_wconf 93' lang='lat' dir='ltr'><strong>in</strong></span> <span class='ocrx_word' id='word_1_140' title='bbox 599 2751 781 2807; x_wconf 83' lang='lat' dir='ltr'><strong>conventum</strong></span> <span class='ocrx_word' id='word_1_141' title='bbox 800 2739 977 2827; x_wconf 87' lang='lat' dir='ltr'><strong>designandi</strong></span> <span class='ocrx_word' id='word_1_142' title='bbox 992 2741 1138 2808; x_wconf 79' lang='lat' dir='ltr'><strong>facultas.</strong></span> 
     </span>
     <span class='ocr_line' id='line_1_22' title="bbox 168 2852 1139 2942; baseline -0.004 -20"><span class='ocrx_word' id='word_1_143' title='bbox 168 2857 310 2934; x_wconf 84' lang='lat' dir='ltr'><strong>Etenim,</strong></span> <span class='ocrx_word' id='word_1_144' title='bbox 331 2877 428 2942; x_wconf 93' lang='lat' dir='ltr'><strong>quum</strong></span> <span class='ocrx_word' id='word_1_145' title='bbox 453 2853 618 2940; x_wconf 90' lang='lat' dir='ltr'><strong>antiquiori</strong></span> <span class='ocrx_word' id='word_1_146' title='bbox 640 2854 706 2939; x_wconf 87' lang='lat' dir='ltr'><strong>jam</strong></span> <span class='ocrx_word' id='word_1_147' title='bbox 735 2863 834 2919; x_wconf 84' lang='lat' dir='ltr'><strong>aetate</strong></span> <span class='ocrx_word' id='word_1_148' title='bbox 861 2852 987 2917; x_wconf 91' lang='lat' dir='ltr'><strong>minime</strong></span> <span class='ocrx_word' id='word_1_149' title='bbox 1009 2854 1139 2939; x_wconf 88' lang='lat' dir='ltr'><strong>paribus</strong></span> 
     </span>
     <span class='ocr_line' id='line_1_23' title="bbox 171 2965 1138 3053; baseline -0.004 -17"><span class='ocrx_word' id='word_1_150' title='bbox 171 2991 276 3036; x_wconf 88' lang='lat' dir='ltr'><strong>omnes</strong></span> <span class='ocrx_word' id='word_1_151' title='bbox 288 2969 378 3034; x_wconf 90' lang='lat' dir='ltr'><strong>urbes</strong></span> <span class='ocrx_word' id='word_1_152' title='bbox 388 2967 517 3033; x_wconf 88' lang='lat' dir='ltr'><strong>donatae</strong></span> <span class='ocrx_word' id='word_1_153' title='bbox 527 2966 835 3053; x_wconf 79' lang='lat' dir='ltr'><strong>privilegiissuissent,</strong></span> <span class='ocrx_word' id='word_1_154' title='bbox 849 2965 889 3032; x_wconf 88' lang='lat' dir='ltr'><strong>ab</strong></span> <span class='ocrx_word' id='word_1_155' title='bbox 902 2965 1008 3030; x_wconf 87' lang='lat' dir='ltr'><strong>eadem</strong></span> <span class='ocrx_word' id='word_1_156' title='bbox 1018 2977 1138 3044; x_wconf 88' lang='lat' dir='ltr'><strong>autem,</strong></span> 
     </span>
     <span class='ocr_line' id='line_1_24' title="bbox 171 3079 1141 3169; baseline -0.001 -23"><span class='ocrx_word' id='word_1_157' title='bbox 171 3081 301 3169; x_wconf 89' lang='lat' dir='ltr'><strong>quaein</strong></span> <span class='ocrx_word' id='word_1_158' title='bbox 319 3079 449 3167; x_wconf 90' lang='lat' dir='ltr'><strong>praediis</strong></span> <span class='ocrx_word' id='word_1_159' title='bbox 465 3079 654 3168; x_wconf 81' lang='lat' dir='ltr'><strong>equestribus</strong></span> <span class='ocrx_word' id='word_1_160' title='bbox 671 3079 759 3145; x_wconf 93' lang='lat' dir='ltr'><strong>nobis</strong></span> <span class='ocrx_word' id='word_1_161' title='bbox 779 3081 923 3157; x_wconf 84' lang='lat' dir='ltr'><strong>occurrit,</strong></span> <span class='ocrx_word' id='word_1_162' title='bbox 944 3079 1141 3145; x_wconf 91' lang='lat' dir='ltr'><strong>distinctione</strong></span> 
     </span>
     <span class='ocr_line' id='line_1_25' title="bbox 172 3193 1142 3281; baseline -0.001 -21"><span class='ocrx_word' id='word_1_163' title='bbox 172 3195 296 3260; x_wconf 90' lang='lat' dir='ltr'><strong>urbium</strong></span> <span class='ocrx_word' id='word_1_164' title='bbox 319 3215 444 3281; x_wconf 88' lang='lat' dir='ltr'><strong>quoqne</strong></span> <span class='ocrx_word' id='word_1_165' title='bbox 465 3195 554 3260; x_wconf 91' lang='lat' dir='ltr'><strong>binae</strong></span> <span class='ocrx_word' id='word_1_166' title='bbox 584 3194 691 3259; x_wconf 85' lang='lat' dir='ltr'><strong>classes</strong></span> <span class='ocrx_word' id='word_1_167' title='bbox 719 3194 871 3259; x_wconf 91' lang='lat' dir='ltr'><strong>similibus</strong></span> <span class='ocrx_word' id='word_1_168' title='bbox 893 3193 1056 3281; x_wconf 86' lang='lat' dir='ltr'><strong>insignitae</strong></span> <span class='ocrx_word' id='word_1_169' title='bbox 1082 3217 1142 3281; x_wconf 91' lang='lat' dir='ltr'><strong>ap-</strong></span> 
     </span>
     <span class='ocr_line' id='line_1_26' title="bbox 120 3304 1142 3395; baseline 0.002 -25"><span class='ocrx_word' id='word_1_170' title='bbox 120 3367 122 3370; x_wconf 16' lang='lat'><strong>,</strong></span> <span class='ocrx_word' id='word_1_171' title='bbox 172 3306 387 3395; x_wconf 82' lang='lat' dir='ltr'><strong>pollutionibus</strong></span> <span class='ocrx_word' id='word_1_172' title='bbox 418 3305 651 3392; x_wconf 80' lang='lat' dir='ltr'><strong>produxissent,</strong></span> <span class='ocrx_word' id='word_1_173' title='bbox 679 3304 717 3370; x_wconf 88' lang='lat' dir='ltr'><strong>ad</strong></span> <span class='ocrx_word' id='word_1_174' title='bbox 746 3326 822 3392; x_wconf 88' lang='lat' dir='ltr'><strong>quas</strong></span> <span class='ocrx_word' id='word_1_175' title='bbox 848 3305 989 3370; x_wconf 87' lang='lat' dir='ltr'><strong>infimum</strong></span> <span class='ocrx_word' id='word_1_176' title='bbox 1016 3305 1142 3372; x_wconf 89' lang='lat' dir='ltr'><strong>tandem</strong></span> 
     </span>
     <span class='ocr_line' id='line_1_27' title="bbox 175 3417 1142 3511; baseline -0.002 -25"><span class='ocrx_word' id='word_1_177' title='bbox 175 3442 271 3511; x_wconf 86' lang='lat' dir='ltr'><strong>geum</strong></span> <span class='ocrx_word' id='word_1_178' title='bbox 294 3419 452 3486; x_wconf 86' lang='lat' dir='ltr'><strong>accederet</strong></span> <span class='ocrx_word' id='word_1_179' title='bbox 480 3441 601 3497; x_wconf 88' lang='lat' dir='ltr'><strong>earum,</strong></span> <span class='ocrx_word' id='word_1_180' title='bbox 623 3439 703 3506; x_wconf 85' lang='lat' dir='ltr'><strong>quoe</strong></span> <span class='ocrx_word' id='word_1_181' title='bbox 726 3440 744 3483; x_wconf 93' lang='lat' dir='ltr'><strong>a</strong></span> <span class='ocrx_word' id='word_1_182' title='bbox 764 3418 880 3484; x_wconf 81' lang='lat' dir='ltr'><strong>vasallis</strong></span> <span class='ocrx_word' id='word_1_183' title='bbox 903 3417 1038 3504; x_wconf 90' lang='lat' dir='ltr'><strong>pendere</strong></span> <span class='ocrx_word' id='word_1_184' title='bbox 1057 3418 1142 3484; x_wconf 90' lang='lat' dir='ltr'><strong>diee-</strong></span> 
     </span>
    </p>
   </div>
   <div class='ocr_carea' id='block_1_3' title="bbox 175 3529 1145 3732">
    <p class='ocr_par' dir='ltr' id='par_1_4' title="bbox 175 3529 1145 3732">
     <span class='ocr_line' id='line_1_28' title="bbox 175 3529 1143 3621; baseline -0.003 -23"><span class='ocrx_word' id='word_1_185' title='bbox 175 3545 281 3600; x_wconf 88' lang='lat' dir='ltr'><strong>rentur</strong></span> <span class='ocrx_word' id='word_1_186' title='bbox 302 3529 604 3621; x_wconf 80' lang='lat' dir='ltr'><strong>(Vasallen-Stidte),</strong></span> <span class='ocrx_word' id='word_1_187' title='bbox 629 3530 687 3597; x_wconf 76' lang='lat' dir='ltr'><strong>aba</strong></span> <span class='ocrx_word' id='word_1_188' title='bbox 709 3531 839 3617; x_wconf 93' lang='lat' dir='ltr'><strong>proinde</strong></span> <span class='ocrx_word' id='word_1_189' title='bbox 856 3531 889 3594; x_wconf 92' lang='lat' dir='ltr'><strong>in</strong></span> <span class='ocrx_word' id='word_1_190' title='bbox 916 3531 983 3596; x_wconf 90' lang='lat' dir='ltr'><strong>aliis</strong></span> <span class='ocrx_word' id='word_1_191' title='bbox 1008 3533 1143 3597; x_wconf 90' lang='lat' dir='ltr'><strong>auctori-</strong></span> 
     </span>
     <span class='ocr_line' id='line_1_29' title="bbox 176 3644 1145 3732; baseline -0.002 -21"><span class='ocrx_word' id='word_1_192' title='bbox 176 3657 237 3713; x_wconf 90' lang='lat' dir='ltr'><strong>tate</strong></span> <span class='ocrx_word' id='word_1_193' title='bbox 258 3656 430 3711; x_wconf 89' lang='lat' dir='ltr'><strong>senatorum</strong></span> <span class='ocrx_word' id='word_1_194' title='bbox 457 3644 586 3732; x_wconf 92' lang='lat' dir='ltr'><strong>singulis</strong></span> <span class='ocrx_word' id='word_1_195' title='bbox 614 3644 781 3729; x_wconf 91' lang='lat' dir='ltr'><strong>praeposita</strong></span> <span class='ocrx_word' id='word_1_196' title='bbox 812 3644 940 3731; x_wconf 84' lang='lat' dir='ltr'><strong>collegia</strong></span> <span class='ocrx_word' id='word_1_197' title='bbox 965 3645 1145 3731; x_wconf 85' lang='lat' dir='ltr'><strong>iungeren-</strong></span> 
     </span>
    </p>
   </div>
   <div class='ocr_carea' id='block_1_4' title="bbox 176 3840 1149 4186">
    <p class='ocr_par' dir='ltr' id='par_1_5' title="bbox 176 3840 1149 4002">
     <span class='ocr_line' id='line_1_30' title="bbox 176 3840 1149 3906; baseline -0.004 -11"><span class='ocrx_word' id='word_1_198' title='bbox 176 3847 205 3896; x_wconf 89' lang='lat' dir='ltr'><strong>de</strong></span> <span class='ocrx_word' id='word_1_199' title='bbox 221 3845 343 3895; x_wconf 84' lang='lat' dir='ltr'><strong>nobilibus</strong></span> <span class='ocrx_word' id='word_1_200' title='bbox 355 3841 482 3906; x_wconf 71' lang='lat' dir='ltr'><strong>maioribus</strong></span> <span class='ocrx_word' id='word_1_201' title='bbox 499 3841 606 3890; x_wconf 83' lang='lat' dir='ltr'><strong>isaierrds</strong></span> <span class='ocrx_word' id='word_1_202' title='bbox 622 3851 684 3891; x_wconf 68' lang='lat' dir='ltr'><strong>emet</strong></span> <span class='ocrx_word' id='word_1_203' title='bbox 698 3840 816 3905; x_wconf 82' lang='lat' dir='ltr'><strong>probatio,</strong></span> <span class='ocrx_word' id='word_1_204' title='bbox 832 3842 857 3889; x_wconf 84' lang='lat' dir='ltr'><strong>ia</strong></span> <span class='ocrx_word' id='word_1_205' title='bbox 869 3850 1011 3891; x_wconf 70' lang='lat' dir='ltr'><strong>conventam</strong></span> <span class='ocrx_word' id='word_1_206' title='bbox 1023 3840 1149 3905; x_wconf 79' lang='lat' dir='ltr'><strong>ablegare.</strong></span> 
     </span>
     <span class='ocr_line' id='line_1_31' title="bbox 178 3933 403 4002; baseline -0.013 -15"><span class='ocrx_word' id='word_1_207' title='bbox 178 3941 203 3987; x_wconf 77' lang='lat' dir='ltr'><strong>l.</strong></span> <span class='ocrx_word' id='word_1_208' title='bbox 220 3947 306 4001; x_wconf 71' lang='lat' dir='ltr'><strong>anuo,</strong></span> <span class='ocrx_word' id='word_1_209' title='bbox 321 3955 346 4002; x_wconf 88' lang='lat' dir='ltr'><strong>p.</strong></span> <span class='ocrx_word' id='word_1_210' title='bbox 361 3933 403 3986; x_wconf 80' lang='grc'><strong>33.</strong></span> 
     </span>
    </p>

    <p class='ocr_par' dir='ltr' id='par_1_6' title="bbox 212 4026 428 4095">
     <span class='ocr_line' id='line_1_32' title="bbox 212 4026 428 4095; baseline -0.014 -14"><span class='ocrx_word' id='word_1_211' title='bbox 212 4031 221 4064; x_wconf 94' lang='lat'><strong>¹</strong></span> <span class='ocrx_word' id='word_1_212' title='bbox 239 4034 328 4095; x_wconf 69' lang='lat' dir='ltr'><strong>mura,</strong></span> <span class='ocrx_word' id='word_1_213' title='bbox 345 4049 369 4095; x_wconf 88' lang='lat' dir='ltr'><strong>p.</strong></span> <span class='ocrx_word' id='word_1_214' title='bbox 387 4026 428 4080; x_wconf 83' lang='lat'><strong>³2.</strong></span> 
     </span>
    </p>

    <p class='ocr_par' dir='ltr' id='par_1_7' title="bbox 212 4114 1117 4186">
     <span class='ocr_line' id='line_1_33' title="bbox 212 4114 1117 4186; baseline -0.007 -13"><span class='ocrx_word' id='word_1_215' title='bbox 212 4123 223 4155; x_wconf 88' lang='lat'>²</span> <span class='ocrx_word' id='word_1_216' title='bbox 240 4125 332 4186; x_wconf 73' lang='lat' dir='ltr'><strong>Boua,</strong></span> <span class='ocrx_word' id='word_1_217' title='bbox 348 4121 406 4171; x_wconf 79' lang='lat' dir='ltr'><strong>nra.</strong></span> <span class='ocrx_word' id='word_1_218' title='bbox 424 4125 541 4182; x_wconf 73' lang='lat' dir='ltr'><strong>semu,</strong></span> <span class='ocrx_word' id='word_1_219' title='bbox 558 4136 598 4182; x_wconf 78' lang='lat' dir='ltr'><strong>ep.</strong></span> <span class='ocrx_word' id='word_1_220' title='bbox 614 4134 635 4168; x_wconf 85' lang='lat' dir='ltr'><strong>e.</strong></span> <span class='ocrx_word' id='word_1_221' title='bbox 653 4120 747 4182; x_wconf 70' lang='lat' dir='ltr'><strong>passim</strong></span> <span class='ocrx_word' id='word_1_222' title='bbox 765 4128 908 4180; x_wconf 72' lang='lat' dir='ltr'><strong>armosos,</strong></span> <span class='ocrx_word' id='word_1_223' title='bbox 927 4117 941 4184; x_wconf 70' lang='lat' dir='ltr'><strong>p</strong></span> <span class='ocrx_word' id='word_1_224' title='bbox 958 4114 1001 4178; x_wconf 83' lang='lat'><strong>20,</strong></span> <span class='ocrx_word' id='word_1_225' title='bbox 1019 4128 1073 4169; x_wconf 80' lang='lat' dir='ltr'><strong>aas.</strong></span> <span class='ocrx_word' id='word_1_226' title='bbox 1091 4117 1117 4167; x_wconf 85' lang='lat' dir='ltr'><strong>tr.</strong></span> 
     </span>
    </p>
   </div>
   <div class='ocr_carea' id='block_1_5' title="bbox 0 0 1386 4740">
    <p class='ocr_par' dir='ltr' id='par_1_8' title="bbox 0 0 1386 4740">
     <span class='ocr_line' id='line_1_34' title="bbox 0 0 1386 4740; baseline 0 0"><span class='ocrx_word' id='word_1_227' title='bbox 0 0 1386 4740; x_wconf 95' lang='lat' dir='ltr'><strong> </strong></span> 
     </span>
    </p>
   </div>
  </div>
 </body>
</html>
