2738 4740
375 1141 850 1229 INTRODUCTIO.

127 1399 172 1443 un
197 1396 359 1443 onnrsuns
381 1386 652 1443 inovmcrsnmor
680 1376 915 1444 mennonium
937 1396 1100 1454 onromn,

363 1507 613 1566 menenensis,
638 1506 859 1556 counmmun.

544 1755 680 1777 ᾡ-

123 1966 312 2059 variarum,
353 1981 467 2071 quibus
499 1982 665 2067 imperium
699 1980 1100 2060 Romano-Germanicum,

120 2093 221 2158 medio
235 2093 356 2160 soeculo
376 2093 496 2159 docimo
517 2094 627 2172 tertio,
643 2094 817 2177 constabat,
837 2091 999 2159 notionum
1011 2093 1100 2177 jura,

120 2206 276 2285 instituto,
310 2227 358 2271 res
382 2217 500 2294 gestos,
522 2206 687 2294 diligenter
707 2199 989 2283 considerantibus,
1011 2205 1101 2271 facile

120 2319 317 2384 manifestum
332 2311 396 2396 est,
429 2317 561 2384 diversus
582 2339 662 2407 quse
681 2319 716 2384 in
737 2319 774 2384 iis
789 2316 938 2403 singuiis,
964 2338 1002 2383 co
1022 2327 1101 2382 tern-

120 2451 214 2516 pore,
246 2429 434 2495 haberentur
459 2430 574 2497 civium
600 2431 707 2496 classes
729 2441 760 2496 ct
779 2429 866 2519 qussi
888 2427 1099 2517 gradationes,

120 2565 193 2609 cum
222 2543 277 2607 ilio
309 2542 364 2630 qui
395 2542 570 2630 principatu
607 2544 640 2609 in
672 2566 707 2610 re
737 2544 863 2631 publicd
902 2543 1099 2631 iungeretur,

114 2656 195 2740 juris
218 2668 249 2721 et
268 2656 501 2722 necessitudinis
531 2659 661 2724 vinculis
693 2657 860 2723 admodum
879 2656 1003 2722 diversis
1025 2678 1100 2723 con-

121 2792 213 2835 nexas
237 2769 342 2835 inisse:
375 2782 501 2857 propter
530 2771 764 2837 commodorum
792 2781 895 2836 autem
917 2790 954 2834 sc
974 2768 1096 2856 privile-

122 2885 260 2968 giorum,
292 2904 373 2970 quse
399 2883 438 2948 ob
459 2883 517 2950 isto
538 2885 678 2972 singulae
701 2883 905 2969 accepissent,
940 2882 1096 2969 insignem

121 2995 312 3071 varietatem,
333 2995 417 3061 houd
435 3019 507 3062 sons
529 2996 635 3062 cadem
655 3019 776 3074 omnes,
799 2994 851 3061 sed
873 2994 1044 3059 multumn
1065 3015 1097 3058 so

121 3109 257 3173 invicem
279 3108 496 3195 discrepantia,
521 3121 678 3196 tamquam
700 3111 797 3175 inuste
818 3107 876 3170 sibi
887 3117 981 3194 atque
994 3105 1098 3189 utilis,

122 3232 264 3306 expetere
296 3221 328 3286 in
351 3222 472 3288 civitate
493 3223 634 3288 debuisse
658 3224 679 3288 ¹.
724 3223 802 3287 Nom
826 3221 970 3286 carebunt
990 3221 1096 3286 etiam·

120 3356 212 3410 num,
247 3335 307 3422 qud
338 3336 477 3401 nonnulii
507 3336 539 3401 in
567 3337 690 3420 Europd
723 3333 830 3422 popuii
867 3333 915 3398 rel
941 3333 992 3398 diu
1028 3344 1096 3419 post
1175 3348 1180 3355 '

118 3450 254 3518 destituti
288 3464 481 3529 manserunt,
518 3454 601 3518 certd
629 3451 710 3535 juris
742 3450 977 3525 communione,
1014 3470 1095 3536 quse

118 3567 189 3631 sotis
218 3564 345 3630 firmiter
374 3587 423 3632 ess
461 3566 543 3630 inter
573 3587 608 3631 se
636 3563 840 3650 conjungeret
875 3582 957 3648 eque
991 3561 1094 3626 multis

110 3751 192 3761 μ--ι
200 3753 247 3761 -.
254 3754 315 3763 ...-

153 3869 216 3919 lCt.
240 3873 381 3933 Etruscus,
408 3872 524 3922 sseutscbs
547 3874 636 3922 Stura·
658 3872 708 3921 und
732 3870 971 3935 Rechtsgsscbicbts,
998 3871 1022 3918 V.
1043 3871 1094 3931 ΙΙΙ,

117 3961 201 4029 wa,
220 3966 277 4014 coli.
297 3967 323 4015 t.
338 3966 378 4027 il,
393 3966 407 4032 d
421 3964 486 4027 299,
501 3983 536 4029 sq.
553 3965 626 4033 §340
639 3983 690 4032 sqq.
707 3963 846 4033 (Ed.tert.);
866 3979 893 4014 1.
911 3977 934 4014 n.
951 3971 1094 4021 nusum,

117 4054 256 4103 Gescbicbte
275 4055 316 4103 des
334 4058 465 4120 Ursprnngs
479 4057 521 4106 der
539 4058 624 4108 St't'ndo
638 4061 665 4108 iu
685 4056 860 4118 Deutsoblsnd,
881 4056 931 4123 (sd.
952 4057 995 4104 sit.
1014 4055 1093 4102 Besol.

121 4144 197 4213 1830)
218 4149 245 4197 P.
263 4151 303 4210 ii,
326 4148 380 4212 Cup.
399 4150 486 4201 1-tt.

950 4248 965 4306 l
