2738 4740
600 461 619 520 5

121 639 346 717 stitutionibus,
362 662 499 727 expresse
517 653 716 706 memoratam
733 641 898 705 clausulam
915 642 1094 727 reperimus,

123 756 246 820 vasallos
266 777 351 820 suam
372 755 580 820 adsensionem
603 754 817 839 interposuisse
835 755 857 818 ².

167 868 212 932 td
233 869 314 934 illius
336 879 420 934 certe
451 890 515 954 quo
548 869 804 932 Germanicarum
830 870 988 955 regionum
1012 871 1094 954 prin·

124 982 206 1067 cipes
242 982 454 1069 fungebantur
495 981 614 1065 imperii
655 991 794 1044 naturam
835 984 1014 1066 pertinuisse
1049 985 1095 1047 di-

123 1095 258 1158 eendum
297 1106 357 1173 est,
399 1105 432 1158 ut
470 1103 624 1179 quotquot
653 1093 698 1157 illi
729 1093 858 1176 subjecti
895 1109 979 1160 erant
1019 1099 1099 1163 eires

122 1209 219 1293 magis
249 1209 409 1294 magisque
437 1207 468 1270 in
490 1205 618 1269 eandem
642 1205 868 1290 quodammodo
893 1208 1096 1272 conditionem

123 1319 355 1394 delalrerentur,
371 1320 460 1402 cujus
471 1317 558 1381 initio
567 1317 587 1380 ii
599 1328 718 1381 tanturn
730 1319 894 1403 participes
905 1319 1100 1396 exstitissent,

124 1431 239 1516 quibus
256 1431 288 1494 in
307 1431 435 1516 propriis
452 1432 668 1516 imperantium
686 1431 767 1517 agris
783 1430 975 1495 domicilium
990 1454 1100 1516 suppe-

126 1554 221 1608 teret:
256 1543 504 1630 quandoquidem
535 1554 668 1620 constat,
703 1545 792 1629 plane
825 1544 861 1608 ad
894 1543 1099 1609 immobilium

125 1656 252 1721 dominii
283 1656 512 1721 similitudinem
544 1659 699 1721 excultum
726 1657 946 1744 firmatumque
973 1657 1100 1723 modum

124 1771 208 1835 illius
235 1770 387 1855 potestatis
404 1770 511 1833 luisse:
545 1770 735 1856 principibus
756 1792 844 1849 vero,
863 1771 934 1854 jura
954 1793 1006 1835 sua
1031 1793 1099 1836 eam

124 1885 161 1948 ad
199 1906 336 1949 normam
379 1881 566 1969 amplificare
606 1884 820 1964 studentibus,
853 1885 916 1971 ipsa
953 1887 1100 1951 constitu·

124 1998 213 2061 tionis
242 1997 444 2063 Germanicae
471 1995 531 2062 boe
560 2006 695 2081 tempore
715 2000 904 2063 incrementa
931 2000 1099 2084 plurimum

123 2111 227 2175 auxilii
248 2111 431 2197 praestitisse
452 2111 475 2172 ².
514 2111 619 2191 Quum
637 2123 739 2174 autern
762 2111 901 2175 omnium
924 2135 1020 2196 paene
1036 2115 1101 2177 rin·

124 2224 266 2287 culorum
304 2221 461 2285 dissolutio
499 2219 693 2306 contigisset,
731 2220 845 2307 quibus
882 2222 973 2299 olim,
1010 2223 1102 2287 nullis

123 2334 325 2419 interpositis,
355 2355 428 2399 curn
453 2332 518 2419 ipso
538 2333 721 2398 Germaniae
738 2335 925 2419 Imperatore
950 2336 1101 2400 variarum

126 2460 277 2514 terrarum
309 2450 431 2514 incolae
469 2448 649 2533 conjunctos
683 2473 746 2515 sese
783 2450 939 2518 vidissent:
976 2454 1102 2541 antiqua

124 2583 216 2645 porro
236 2561 267 2626 iu
292 2561 356 2627 dies
376 2573 568 2626 evanesceret
588 2564 798 2630 institutorum
823 2567 917 2646 ratio,
948 2568 1020 2654 ipsis
1043 2570 1101 2632 illis

123 2673 232 2740 ineolis
251 2675 387 2740 studium
409 2675 580 2739 oboriretur
600 2698 724 2743 neeesse
747 2689 826 2755 erat,
850 2702 914 2768 quo
933 2682 1099 2748 firmiorem

124 2786 180 2851 sibi
210 2789 435 2875 certioremque
456 2788 536 2872 juris
557 2790 675 2874 publici
703 2792 850 2857 rationem
870 2808 1100 2880 compararent,

125 2901 262 2965 arctioris
285 2923 356 2966 cum
372 2901 433 2964 suis
447 2901 652 2986 principibus,
673 2925 809 2992 cumque
827 2906 964 2989 ejusdem
985 2910 1101 2992 patriae

126 3012 254 3094 civibus,
277 3013 479 3079 instituendae
496 3015 741 3080 consociationis:
765 3028 796 3080 at
816 3015 909 3094 baec,
933 3040 972 3081 ne
990 3017 1102 3085 idoneo

127 3123 326 3190 fundamento
352 3137 484 3203 careret,
510 3129 676 3212 praelatos,
700 3129 837 3213 equites,
860 3131 992 3194 urbanos
1014 3153 1102 3217 opor-

127 3237 211 3301 tebat
241 3239 272 3301 in
305 3239 507 3304 moderatores
536 3242 604 3327 plus
634 3242 760 3306 omnino
785 3243 924 3307 conferre
946 3248 1101 3329 potestatis

125 3372 223 3437 quarn
246 3362 426 3436 usurpatum
455 3353 494 3418 ab
514 3352 549 3417 iis
572 3352 608 3418 ad
629 3353 706 3417 illud
726 3375 823 3441 usque
845 3365 964 3441 tempus
981 3356 1099 3424 luisset:

124 3463 194 3549 plus
220 3464 398 3550 praesertim
427 3488 573 3543 onerum,
606 3469 704 3552 ipsos,
743 3465 785 3530 rei
815 3468 956 3553 publicae
985 3472 1099 3556 gratia,

160 3684 340 3753 lemnus,
358 3687 377 3739 l.
395 3689 414 3740 l.
431 3690 457 3739 P.
475 3689 517 3753 ll,
532 3706 554 3739 o.
571 3689 596 3739 7.
620 3700 751 3753 noanon,
770 3690 863 3742 t.1.t.
881 3693 919 3754 ll,
940 3693 1028 3760 §som
1044 3697 1100 3744 coll.

123 3795 145 3829 r.
161 3793 186 3832 o.
200 3795 292 3846 mu,
310 3783 403 3847 aspris,
423 3784 516 3847 Origine
534 3792 558 3832 et
575 3785 671 3847 Progrtr
685 3783 726 3833 des
743 3785 893 3833 lartitutious
910 3786 1050 3836 Jndieiaires
1061 3788 1102 3837 des

125 3873 263 3937 principans
282 3892 340 3941 pays
360 3877 389 3925 de
406 3877 532 3940 l'llurops,
553 3878 578 3925 l..
603 3876 654 3938 lll,
677 3877 714 3924 ob.
732 3875 764 3941 2,
784 3878 809 3926 L.
836 3878 880 3940 ll,
902 3879 940 3928 olr.
958 3878 991 3942 2,
1010 3899 1033 3943 p.
1052 3878 1101 3938 32;

125 3979 237 4030 mul,
255 3969 318 4018 lierr
341 3987 372 4019 ou
391 3969 432 4018 tbe
452 3968 518 4018 State
535 3969 562 4016 ol
580 3969 686 4031 Europe,
704 3969 789 4031 during
805 3968 844 4018 the
861 3970 947 4019 middle
963 3988 1026 4034 ager,
1046 3972 1073 4021 l.
1084 3975 1104 4038 l,

125 4059 165 4108 ob.
186 4062 212 4122 l,
232 4064 257 4111 P.
277 4063 316 4122 ll,
336 4080 359 4125 p.
379 4061 526 4113 tlt-246.

162 4151 326 4229 2βίΰῐιοιιι,
344 4156 361 4204 l.
380 4157 396 4205 l.
416 4157 440 4204 l.
460 4157 509 4218 lll,
527 4159 540 4209 tl
559 4154 626 4217 423,
642 4156 699 4205 ooll.
721 4156 746 4203 l.
765 4157 803 4216 ll,
821 4157 833 4223 d
849 4155 914 4220 394,
934 4154 992 4205 396.
