2738 4740
590 417 651 480 152

129 597 425 678 alios‚en1ndonec
448 609 578 662 aetatem
600 607 693 684 agunt
716 594 896 660 obtinentes.
928 594 965 658 ln
988 613 1103 658 eornm

131 724 231 780 tamen
264 711 403 776 omnium
434 711 610 776 recensione
631 707 768 775 ncienda
796 706 881 772 hunc
901 706 949 770 lex
973 705 1104 791 publicu

131 825 259 890 serravit
275 822 433 900 ordinem,
453 833 489 888 ut
510 833 702 888 enumeratos
724 820 870 906 deinceps
890 818 1102 884 inveniamus:

136 933 166 1024 l)
184 935 266 1022 regin
287 956 325 999 ex
343 944 435 1021 gente
449 935 529 998 riros
546 934 730 1020 simulatque
746 931 785 996 ad
802 932 951 1015 majorem
969 939 1105 994 aetatem

132 1058 354 1136 perrenemnt;
380 1044 413 1133 2)
437 1045 581 1132 primario
605 1046 687 1132 apud
712 1066 817 1132 regem
846 1044 1009 1129 iungentes
1031 1062 1105 1105 mn·

134 1162 262 1249 gistratu
281 1158 523 1247 (Kronbeamten
544 1156 597 1223 des
616 1155 757 1242 Reichs);
776 1156 809 1240 3)
828 1152 1105 1239 Archiepiscopnm

132 1281 300 1356 utrumque
321 1267 563 1358 (ldunichensem
585 1281 616 1335 et
626 1262 908 1354 Bambergensem);
932 1263 963 1351 t)
977 1263 1105 1328 illarum

133 1383 273 1471 gentium
290 1384 401 1468 capita,
417 1403 497 1470 qnae
514 1391 586 1446 ante
607 1380 784 1446 dissolutam
805 1378 958 1444 civitatem
975 1376 1106 1441 Germa·

135 1494 236 1560 nicam
257 1493 383 1579 lmperii
401 1494 543 1558 Statuum
563 1513 635 1556 usae
647 1492 769 1576 juribus
789 1490 931 1554 suerunt:
955 1486 1002 1552 his
1027 1508 1108 1552 con·

134 1604 302 1669 siliatornm
340 1604 472 1691 dignitas
505 1603 706 1671 haereditario
743 1603 868 1667 nomine
899 1598 1107 1686 permittenda

131 1713 270 1799 jubetur,
288 1713 390 1799 quoad
412 1715 528 1779 salvum
549 1715 587 1777 iis
604 1725 759 1779 remaneat
778 1711 994 1799 dynastiamm,
1012 1731 1110 1795 prop·

136 1835 275 1910 torques
296 1824 349 1889 illa
366 1826 438 1909 jura
458 1825 532 1890 olim
551 1826 750 1911 possederint,
772 1824 952 1890 dominium.
976 1821 1108 1909 5)1tpis-

136 1958 249 2023 oopum
277 1938 412 2024 aliquem
440 1962 457 2003 a
489 1961 562 2027 rege
585 1938 775 2026 designatum
806 1948 899 2026 atque
928 1958 1021 2013 enm,
1050 1937 1110 2023 qui

137 2049 244 2136 quovis
253 2059 389 2137 tempore
400 2051 563 2117 universali
573 2051 808 2116 Protestantium
824 2049 1001 2115 consistorio
1015 2069 1111 2134 prae·

135 2161 227 2241 oidet3
249 2164 283 2249 6)
295 2182 508 2250 quoscumque
527 2162 607 2229 eires
626 2184 678 2228 rex
701 2161 851 2227 senatorio
865 2183 994 2226 munere
1017 2181 1112 2225 orna·

136 2276 232 2353 verit,
263 2275 325 2341 sire
355 2288 480 2363 propter
509 2275 701 2362 splendorem
739 2275 857 2363 generis
893 2274 1112 2338 divitiarumre

138 2386 269 2471 copiam,
290 2387 352 2451 sire
372 2388 405 2451 in
425 2387 552 2474 gratiam
573 2388 683 2452 eximie
702 2387 742 2452 ab
759 2386 796 2449 iis
815 2387 846 2449 in
866 2407 931 2451 rem
952 2384 1111 2471 publicam

139 2496 321 2562 collatorum
346 2496 585 2563 beneficiorum:
608 2520 685 2584 quos
710 2498 776 2586 regi
806 2498 938 2562 liberum
967 2507 1023 2573 est,
1046 2496 1113 2561 sire

138 2608 238 2674 donec
263 2608 373 2673 rietnri
407 2608 484 2686 sint,
507 2609 571 2674 sire
595 2608 796 2675 haereditario
825 2610 917 2675 ctiam
949 2609 1039 2694 jure,
1070 2609 1113 2673 ad

137 2720 292 2808 insignem
321 2720 411 2785 illum
443 2723 547 2787 locum
572 2743 770 2807 promovere,
798 2722 891 2787 modo
912 2721 952 2795 ii,
988 2720 1046 2806 qni
1070 2720 1113 2785 ad

137 2843 271 2919 posteros
290 2854 366 2897 ‘snos
388 2834 533 2899 tribulem
554 2833 610 2899 sibi
627 2833 805 2899 facultatem
819 2831 1024 2899 transmissuri
1038 2832 1112 2909 sint,

69 2973 72 2977 ·
137 2956 258 3031 praeter
276 2946 431 3032 integram
445 2947 564 3032 jurium
585 2946 725 3012 civilium
746 2968 783 3011 ac
803 2944 998 3031 politicorum
1017 2964 1115 3008 exer-

139 3057 294 3135 citionem,
317 3057 445 3125 dominii
467 3060 558 3125 titulo
578 3059 737 3146 praedium
755 3070 878 3124 teneant
895 3058 956 3123 sire
975 3054 1113 3138 leudale,

139 3191 193 3234 sen
214 3169 437 3236 fideicommissi
458 3192 570 3248 onere,
597 3183 681 3238 certo
702 3170 827 3236 definito
848 3168 1030 3236 succedendi
1056 3190 1113 3232 or-

140 3280 230 3360 dine,
258 3294 416 3370 graratnm
438 3283 591 3369 cujusque
610 3284 754 3361 nomine,
776 3294 934 3369 tamquam
956 3280 1115 3368 praediale

140 3392 306 3473 tributum,
328 3394 396 3462 OOC
415 3394 454 3460 ad
470 3396 633 3460 minimum
653 3397 693 3462 nb
709 3396 745 3460 iis
771 3394 944 3481 penduntur
962 3392 1070 3458 floreni
1085 3395 1112 3457 ¹.

113 3579 116 3583 ,
184 3507 231 3572 Ad
260 3509 352 3574 vitnm
380 3509 609 3575 nominatorum
636 3508 862 3574 consiliatorum
877 3527 1023 3573 numerus
1038 3503 1114 3569 hae-

144 3619 356 3686 reditariorum
371 3621 488 3686 tertiam
504 3631 621 3707 partem
638 3641 781 3707 superare
794 3641 855 3684 non
875 3618 966 3684 debet
980 3617 1003 3681 ².
1030 3617 1115 3695 llne·

144 3730 286 3809 reditarii,
297 3733 425 3798 simulac
436 3733 699 3818 majorennitatem
711 3733 888 3820 attigerunt,
904 3732 935 3795 in
949 3728 1114 3795 consilium

178 3994 184 4027 ¹
203 3996 264 4044 rora.
282 3996 300 4043 1.
317 3996 336 4045 1.
354 3995 408 4062 pa,
426 3997 449 4047 a.

175 4085 185 4118 2
203 4086 264 4135 nra.
282 4088 299 4136 r.
318 4089 337 4137 r.
354 4089 368 4154 p
385 4090 410 4137 r.
