2738 4740
754 421 795 482 ot

289 606 431 670 ordinum
450 613 653 680 cementum,
672 603 820 668 selectum
840 625 876 666 ex
896 603 1037 667 ordinum
1057 605 1146 667 sociis
1164 605 1263 669 habe-

290 731 373 783 retur
396 717 581 803 collegium,
612 737 715 779 rerum
742 726 890 801 perpetuo
917 716 1148 781 oecurrentinm
1168 739 1263 801 pem-

291 831 459 919 gendarum
479 830 573 918 gratia
589 831 613 895 ¹.
642 828 734 910 Quod
755 830 919 916 collegium
938 831 980 895 ita
1000 829 1039 893 sit
1054 831 1262 914 compositum

289 956 416 1030 oportet,
435 956 469 1008 ut
486 944 609 1008 veniant
623 944 655 1006 in
675 943 752 1008 illud
772 943 837 1007 bini
856 943 947 1030 legati
962 966 999 1007 ex
1021 944 1148 1031 singulis
1165 945 1263 1008 trium

288 1059 429 1123 ordinum
444 1058 592 1145 priorum,
613 1079 693 1120 unos
716 1078 787 1121 roro
808 1079 843 1121 ex
862 1058 941 1120 urbe
959 1058 1185 1144 Lembergensi.
1214 1056 1264 1121 Ad

288 1170 344 1234 diti
361 1171 407 1234 itti
426 1192 516 1256 porro
537 1192 600 1234 esse
620 1169 734 1234 debent
750 1168 909 1234 necessarii
925 1167 964 1233 ad
978 1170 1034 1233 rite
1047 1169 1264 1254 pertractanda

288 1284 410 1370 negotia
430 1284 578 1365 officiarii,
593 1293 657 1348 tum
676 1283 785 1347 diserta
805 1284 834 1346 ei
852 1283 1006 1368 proposita
1026 1283 1066 1348 de
1082 1283 1175 1349 modo
1194 1305 1266 1347 mu·

289 1419 398 1461 nerum
416 1397 510 1482 ipsius
532 1396 779 1483 peragendorum
799 1395 949 1461 ordinatio
964 1396 989 1461 ².
1013 1398 1095 1462 Ante
1116 1398 1264 1483 primum,

290 1533 325 1574 ex
345 1521 508 1594 praecepto
524 1509 649 1586 decreti,
664 1508 695 1574 d.
718 1513 756 1576 16
768 1510 852 1573 lunii
871 1513 967 1587 1817,
987 1508 1168 1574 habendum
1185 1509 1265 1573 ordi·

290 1644 366 1686 num
379 1633 575 1698 conventum,
586 1621 720 1687 edictum
735 1621 818 1686 dedit
836 1644 956 1707 praeses
970 1622 1113 1710 gnbemii
1124 1623 1164 1687 de
1174 1622 1266 1706 hujus

290 1733 413 1798 concilii
432 1734 535 1799 selecti
556 1734 643 1800 sociis
663 1734 867 1822 designandis,
883 1757 946 1822 quo
963 1747 1090 1802 cautum
1108 1736 1200 1801 etiam
1222 1745 1266 1799 est

290 1856 334 1919 ut,
350 1844 434 1929 quud
455 1844 493 1910 ad
515 1855 575 1910 tres
596 1846 709 1931 priores
728 1847 890 1926 ordines,e
910 1849 991 1913 binis
1006 1849 1112 1937 legatis
1131 1850 1210 1913 alter
1231 1849 1266 1910 in

290 1980 350 2037 sex,
361 1957 393 2021 in
413 1969 471 2021 tres
489 1980 561 2024 rero
579 1981 675 2023 annos
692 1961 770 2024 alter
784 1962 1029 2038 constitueretur,
1043 1961 1267 2026 urbanusrero

292 2071 409 2157 legatus
434 2092 547 2136 munus
567 2094 658 2137 suum
675 2095 730 2157 per
749 2075 947 2139 soxeounium
971 2075 1123 2139 retineret.

737 2255 808 2337 se.

639 2383 688 2448 He
713 2383 909 2474 llarngoria.

335 2510 598 2594 Imprimisautem
609 2517 744 2596 interest,
755 2520 973 2606 utHongariae
983 2541 1065 2606 quae
1075 2518 1124 2597 sit,
1133 2519 1219 2605 qnod
1229 2520 1269 2583 ad

291 2636 508 2709 argumentum
527 2641 676 2709 nostrum,
689 2632 834 2709 conditio,
847 2633 1020 2697 accuratius
1038 2633 1269 2720 inrestigemns.

371 2797 410 2887 A)
436 2802 487 2867 De
506 2814 647 2893 quatuor
665 2812 784 2872 civium
804 2809 964 2873 classibus
986 2833 1027 2874 oo
1041 2813 1189 2898 primum

660 2920 701 2985 de
718 2920 901 2986 Nobilibus.

335 3075 475 3155 Quatuor
496 3090 567 3143 sunt
594 3079 626 3143 in
655 3081 812 3167 Hungaria
839 3082 946 3145 classes
976 3082 1109 3160 uirium,
1132 3082 1272 3146 scilicet:

290 3185 467 3268 Nobilium,
498 3191 746 3270 Pontificiorum‚
778 3192 972 3257 Urbanorum
1001 3205 1032 3258 et
1053 3194 1272 3260 Rustioornm.

291 3297 414 3361 Nobiles
434 3298 536 3365 denuo
557 3303 588 3364 in
622 3303 696 3367 duas
723 3290 829 3368 classes
858 3304 1088 3392 distiguuntur,
1118 3308 1273 3371 nimirum

291 3411 478 3495 Magnetum,
496 3413 527 3476 id
548 3425 592 3477 est
612 3415 782 3493 Comitum,
802 3439 838 3481 ac
857 3416 1024 3483 Beronum.
1048 3420 1142 3505 Regis
1162 3430 1275 3486 antem

292 3530 353 3594 est,
381 3518 459 3583 sicut
491 3525 593 3588 omnia
615 3526 792 3612 privilegia,
813 3526 961 3606 honores,
983 3530 1087 3595 titulos
1109 3533 1274 3610 conferre,

295 3631 336 3693 ita
364 3651 490 3715 quoque
501 3634 554 3716 jus
581 3637 748 3700 nobilitatis
771 3637 930 3725 impertiri.
959 3643 1089 3720 Mortui,
1109 3644 1206 3707 nullis
1224 3666 1276 3710 re·

293 3741 371 3806 lictis
385 3739 581 3822 haeredibus,
600 3748 710 3812 nobilis
729 3749 767 3813 ad
789 3772 892 3837 regem
906 3754 1061 3836 pertinent
1076 3756 1170 3822 hona.
1198 3758 1279 3823 Cui·
1328 3808 1331 3813 -

293 3874 356 3936 que
378 3852 528 3918 inferioris
550 3857 662 3923 ordinis
676 3860 772 3923 nobili
787 3859 904 3927 homini
919 3867 1070 3952 magnatis
1085 3868 1276 3955 dignitatem

296 4011 490 4021 ’-ψ-...-

329 4080 335 4110 ¹
357 4081 422 4125 lloor.
443 4079 474 4126 id.
494 4083 505 4129 t
521 4080 544 4128 6.
743 4087 753 4116 ²
772 4090 837 4137 orer.
856 4092 888 4140 id.
907 4093 918 4156 ij
938 4094 960 4141 7.
