2738 4740
659 466 719 527 173

203 644 298 712 hocce
325 659 504 735 argumento
538 647 654 733 regioni
681 648 725 710 illi
755 646 966 711 constituendo
990 659 1167 735 praecepta,

204 783 334 846 quorum
360 761 494 846 primum
521 759 598 836 suit,
632 759 731 844 quod,
763 769 887 844 propter
911 761 1048 847 regulam
1077 762 1168 828 edicti

202 874 241 938 de
262 896 351 939 conr.
381 873 446 942 ord.
466 871 525 937 Tit.
545 873 560 935 1
587 872 667 955 §19
688 870 889 957 propositam,
921 894 1018 958 quum
1048 876 1167 940 nonnisi

202 986 316 1072 optimo
330 987 403 1071 jure
420 982 673 1073 (selbsutttndige)
696 985 774 1049 sacri
793 984 940 1049 antistites
960 986 1169 1070 suscipiendae

201 1096 360 1185 legationis
394 1117 520 1181 capaces
539 1093 726 1173 habeantur,
755 1097 953 1178 succursales,
980 1094 1011 1159 id
1041 1107 1087 1161 est
1116 1096 1169 1160 ad-

201 1208 341 1295 scriptitii
364 1209 396 1271 in
423 1206 573 1273 Rhenano
593 1208 710 1273 circulo
734 1206 918 1285 sacerdotes,
942 1208 1058 1295 quippe
1077 1210 1169 1295 longe

201 1319 313 1384 minori
340 1329 461 1384 utentes
488 1319 677 1398 conditione,
711 1319 889 1385 mandatarii
921 1321 953 1385 iu
982 1331 1167 1385 conventum

202 1431 363 1516 publicum
380 1431 531 1519 designari
553 1432 680 1496 minime
698 1443 828 1517 possent.
866 1432 921 1499 Cui
944 1432 987 1497 rei
1006 1444 1168 1498 consenta-

201 1564 296 1608 neum
326 1566 389 1608 osse
425 1565 516 1630 porro
554 1544 747 1623 decernitur,
783 1553 833 1621 ut,
869 1566 948 1630 quae
979 1544 1079 1610 edicto
1114 1544 1168 1607 illo

202 1655 339 1721 ordinata
373 1656 518 1734 fuissent,
553 1655 714 1743 seligendis
740 1677 928 1742 unoquoque
953 1657 985 1720 in
1016 1655 1167 1722 decanatu

201 1770 382 1835 electoribus
403 1770 545 1851 comitia,
573 1768 649 1834 baec
672 1767 819 1834 Rhenano
843 1771 875 1833 in
904 1769 1021 1835 circulo
1040 1770 1167 1835 minime

200 1893 436 1968 usurparentur,
458 1904 566 1947 rerum
594 1881 637 1946 ibi
664 1881 789 1969 triginta
818 1892 848 1945 et
874 1905 953 1946 unus
975 1883 1165 1969 singularum

199 1997 417 2082 particularum
442 1995 589 2061 antistites
613 1993 910 2083 (Kantons·Plarrer)
941 2016 997 2079 pro
1022 1996 1166 2082 legitimis

199 2110 382 2174 electoribus
413 2109 618 2183 haberentur,
653 2108 769 2192 legatos
802 2127 838 2169 ex
862 2127 916 2168 suo
943 2127 1070 2191 corpora
1084 2109 1167 2192 justa

198 2220 397 2286 multitudine
417 2217 630 2305 designaturis.
674 2214 813 2300 Denique
832 2227 976 2292 cautum,
997 2229 1050 2300 ut,
1068 2239 1166 2304 quum

200 2356 300 2418 neque
329 2333 443 2398 ruralia
476 2353 578 2418 neque
602 2327 787 2415 toparcbalia
816 2328 848 2392 io
877 2328 1025 2394 Rbenauo
1048 2332 1166 2397 circulo

199 2445 338 2511 adessent
361 2445 544 2523 tribunalia,
575 2443 742 2531 regendum
765 2442 830 2507 illic
852 2443 986 2531 eligendi
1008 2446 1165 2532 negotium

198 2558 396 2624 ambaetuum
421 2556 630 2625 commissoriis
661 2555 996 2646 (landcommissarien)
1018 2559 1164 2627 attribue·

199 2681 282 2734 retur
303 2669 325 2736 ¹.

231 2925 240 2959 ¹
258 2928 414 2990 Saurania,
433 2946 470 2992 op.
488 2946 510 2978 o.
525 2929 553 2977 V.
571 2930 592 2992 l,
609 2928 624 2994 ᾗ
640 2925 667 2990 2,
684 2935 736 2975 not.
752 2925 793 2989 10,
811 2945 835 2990 p.
847 2927 888 2976 ll.
909 2928 976 2994 Quod
988 2929 1165 2980 administrandi

196 3022 267 3069 ritum
291 3024 384 3085 attinet,
407 3025 433 3070 io
455 3023 578 3072 duodecin
599 3022 728 3071 llbenanne
751 3020 855 3069 eiroutn·
877 3021 1017 3071 distributor
1040 3024 1167 3073 etiamnum

197 3124 234 3164 ert
247 3115 363 3178 regiones,
378 3116 464 3178 quibus
479 3116 578 3179 singulis
588 3115 676 3178 singuli
689 3113 815 3177 praepositi
822 3123 877 3162 enat
893 3115 1045 3164 commissarii
1055 3133 1082 3164 ea
1094 3118 1167 3166 terne

197 3217 291 3256 utentes
308 3209 456 3269 anctoritate,
480 3225 550 3270 quana
573 3208 617 3256 rub
639 3207 751 3256 Francioo
773 3207 870 3269 inperio
887 3206 981 3256 rioariir
997 3209 1166 3271 praefectorum

198 3301 374 3367 (mur-preletrl
384 3301 527 3363 competiirre
540 3302 683 3364 noverimne,
692 3301 740 3349 niri
749 3300 812 3364 quod
823 3299 861 3349 bia
872 3310 985 3350 terrarum
998 3311 1087 3350 tractus
1096 3304 1167 3367 longa

199 3394 325 3457 ampliores
350 3393 450 3456 sabjecti
475 3393 583 3443 furunt.
617 3394 658 3441 sn
683 3410 778 3457 quoque
794 3394 891 3443 minoris
907 3395 997 3443 ordinis
1013 3396 1039 3443 in
1057 3406 1167 3459 angustae

197 3486 326 3550 particolar
350 3485 479 3554 (Kantone)
496 3485 591 3548 diririo,
611 3503 709 3549 quarum
727 3505 797 3536 uaso
814 3498 838 3537 et
854 3488 950 3551 triginta
966 3489 1096 3538 llbenaoue
1112 3507 1167 3554 ager

196 3580 321 3628 universus
347 3578 519 3641 oonpleotitnr.
552 3578 626 3627 Urbes
651 3589 728 3628 autern
751 3581 851 3643 paglqoa
872 3579 918 3630 boo
934 3581 959 3629 in
977 3580 1068 3630 circulo
1085 3582 1168 3630 baberi

197 3672 308 3721 dicuntur
332 3671 472 3734 septingenti
497 3672 669 3735 qninquaginta
693 3681 804 3736 quatuor,
828 3689 857 3721 ex
883 3672 970 3736 quibus
993 3682 1070 3721 tanen
1093 3691 1166 3737 quon

196 3767 246 3815 lere
271 3766 351 3830 plures
376 3764 451 3813 eiden
474 3766 629 3815 conmuniter
651 3776 749 3829 pareant
771 3765 961 3829 borginagietro,
987 3767 1105 3830 rnbjector
1122 3768 1167 3816 tali

196 3861 341 3924 magistratui
359 3860 479 3909 ambertus
491 3857 762 3927 (Bdrgemeirter'e‘rnter)
774 3859 838 3907 band
855 3861 918 3908 ultra
935 3870 1053 3910 trecentos
1070 3870 1166 3924 reptar-

196 3953 261 4016 ginta
277 3962 379 4015 quatuor
395 3953 446 4002 illie
464 3954 561 4017 reperiri
578 3962 678 4002 constat.
697 3952 724 4001 ῐ.
742 3952 927 4019 Stratrlexibon,
938 3954 962 4003 Ἰ.
981 3954 998 4003 l.
1017 3972 1040 4018 p.
1060 3951 1120 4003 166.
