2738 4740
651 469 713 533 toa

239 649 496 739 Quandoquidem
514 670 585 714 rero
602 649 785 714 selectorum
805 648 935 735 collegio
951 647 1093 726 adscribi,
1108 645 1163 734 qui

183 767 312 831 civium
342 785 453 849 corpus
477 761 653 827 universum
675 759 817 838 referant,
836 759 987 845 jubentur
1016 781 1161 846 procura·

196 888 290 957 tores,
322 897 440 963 paucae
473 884 592 940 tantum
625 873 815 959 quaestiones
852 871 1042 959 marunmac
1069 873 1164 938 relin-

195 1001 346 1078 quuntur,
366 988 406 1054 de
425 986 588 1074 quibuaad
607 995 806 1074 congregatos
817 983 991 1070 municipes
1014 982 1164 1048 statuendi

195 1103 323 1170 incultas
341 1099 503 1187 pertineat.
546 1098 583 1162 In
603 1097 746 1186 suffragia
764 1097 861 1184 igitur
885 1097 965 1161 ciros
988 1095 1089 1160 vocari
1110 1115 1165 1159 ne·

198 1236 282 1280 cesae
311 1223 369 1296 est,
397 1209 516 1297 quoties
538 1221 593 1277 aut
611 1209 651 1275 da
678 1210 767 1276 bonis
784 1208 993 1276 immobilibus
1007 1207 1167 1294 jnribusre

199 1326 332 1391 realibus
361 1324 570 1390 communioni
601 1315 804 1410 acquirendis,
834 1321 1003 1388 dividendis
1031 1320 1166 1386 alienan-

198 1438 300 1515 dirre,
320 1449 373 1502 aut
392 1437 432 1503 da
451 1436 536 1502 noris
554 1435 746 1521 imponendis
762 1434 867 1524 officiis
887 1434 1045 1499 tributisre
1064 1433 1166 1498 muni-

200 1549 348 1636 cipalibus
362 1547 535 1614 ordinandis
551 1549 601 1635 agi
618 1558 766 1634 oporteat,
784 1559 838 1613 aut
856 1568 949 1634 porro
966 1557 1074 1612 mutuo
1088 1545 1168 1611 sumi

199 1661 313 1728 debere
341 1661 506 1747 pecuniam
532 1661 737 1739 existimetur,
769 1672 822 1726 aut
851 1681 1000 1725 novorum
1033 1659 1169 1746 denique

200 1774 352 1840 sociomm
374 1774 508 1861 receptio
526 1785 715 1861 proponatur
730 1774 903 1860 ejusmodi,
927 1775 982 1862 qui
1002 1775 1064 1839 sire
1077 1773 1169 1839 domo

199 1886 379 1954 exstruenda
399 1888 463 1952 sire
484 1885 608 1953 desertis
636 1888 725 1952 terris
749 1887 884 1954 colendis
912 1889 976 1953 sire
1001 1888 1063 1953 alio
1089 1907 1170 1974 quo-

199 2020 334 2087 cumque
360 1998 452 2064 modo
472 2021 583 2065 noram
601 2000 687 2065 relat
708 2000 847 2065 allactari
866 2002 926 2066 sint
943 2002 1061 2085 jurium
1084 2021 1169 2066 com·
1248 2032 1252 2058 ι

199 2114 342 2180 munium
359 2114 579 2200 possessionem
603 2112 717 2200 (neuen
735 2109 928 2198 Ansiedlem)
950 2112 973 2177 ¹.
1009 2111 1169 2176 Caeterum

201 2228 278 2315 gesti
296 2228 432 2292 muneris
451 2226 583 2290 rationes
600 2235 732 2309 uterque
756 2234 878 2289 curator
900 2244 962 2288 non
984 2233 1102 2288 tantum
1124 2246 1171 2289 se·

201 2340 287 2405 lectis
326 2338 399 2402 siris
437 2348 582 2403 accurate
613 2336 843 2420 examinandas,
870 2358 976 2403 rerum
1006 2337 1172 2404 audiendas
1241 2370 1244 2375 ·

203 2431 386 2517 cunctorum
400 2460 556 2536 praeterea
569 2449 682 2515 cisium
694 2448 834 2516 concioni
846 2450 997 2535 subjicere
1010 2451 1170 2536 jubentur,

202 2562 282 2628 salsa
304 2571 406 2628 tamen
426 2561 484 2628 hac
503 2561 593 2627 etiam
611 2561 644 2626 in
671 2583 704 2626 rc
728 2562 920 2649 superiorum
938 2573 1088 2650 potestate
1104 2586 1170 2629 ma·

203 2676 383 2764 gistratuunt
412 2673 438 2737 ²0
497 2675 535 2740 In
569 2673 680 2761 quietis
709 2675 999 2762 tranquillitatisque
1028 2677 1170 2761 publicae

98 2782 103 2796 '
201 2787 417 2865 vindicatione,
440 2776 649 2853 maleficorum
677 2786 872 2875 indagatione
895 2787 1168 2876 prehenaioneque,

115 2958 120 2972 ,
201 2900 363 2966 hominum
385 2921 553 2985 remmqne
577 2898 817 2984 perniciosarum
841 2897 1056 2984 prohibitione,
1076 2902 1171 2966 lerio-

204 3034 273 3078 rnm
306 3012 383 3078 adeo
417 3011 601 3078 delictorum
636 3010 803 3099 infligenda
832 3013 931 3098 poend
960 3015 1170 3093 correctione,

204 3147 303 3211 quum
324 3124 447 3189 illorum
474 3124 555 3212 agris
581 3126 801 3211 locupletium,
828 3126 939 3214 quibus
968 3148 1110 3193 concessa
1134 3131 1172 3196 sit

200 3236 383 3322 jurisdictio,
406 3237 583 3324 praecipuas
594 3239 763 3304 inBararid
781 3241 892 3304 versari
907 3252 1007 3325 partes
1017 3254 1169 3327 appareat,

203 3351 236 3414 in
258 3349 401 3434 subjectis
420 3350 545 3438 quidem
563 3351 615 3416 tali
627 3351 764 3417 dominio
782 3354 1048 3418 communionibus
1063 3354 1171 3442 exigua

205 3460 264 3527 hoc
295 3461 419 3527 nominc
447 3464 628 3530 selectorum
653 3465 765 3531 cisium
784 3467 946 3531 auotoritas
971 3465 1115 3548 habetur;
1139 3469 1171 3534 in

205 3577 332 3663 reliquis
357 3598 442 3654 rero,
461 3578 518 3641 isto
539 3550 664 3664 quoqire
687 3600 825 3657 munere,
850 3576 976 3664 duplici,
998 3590 1089 3665 prout
1108 3582 1170 3647 sire

204 3688 343 3755 internae
377 3689 447 3777 pagi
475 3690 642 3756 conditioni
675 3692 737 3756 sire
767 3713 962 3777 camporum,
1000 3694 1169 3779 sylvarum,

206 3811 361 3888 pratorum
380 3803 573 3889 aliorumque
588 3804 736 3869 similium
753 3805 954 3890 prospiciatur
969 3805 1172 3873 incolumitati

241 3985 341 4037 ¹lidict.
361 3988 390 4036 de
412 4005 476 4037 mun.
502 3998 578 4037 conat.
600 3998 624 4035 et
648 3989 708 4036 adm.
732 3990 758 4037 Τ.
777 3989 817 4050 ll,
840 3988 930 4055 plut.
955 3990 990 4040 Gi.
1012 4003 1169 4056 sntnatztnn,

207 4079 256 4128 l.l.
273 4098 294 4142 p,
315 4078 375 4131 386.

241 4171 252 4202 ²
269 4173 342 4222 attat.
359 4175 399 4224 eit.
415 4174 472 4225 ibit.
489 4173 575 4242 §105,
596 4176 654 4227 ooli.
669 4176 739 4226 edict.
754 4177 783 4225 de
799 4178 884 4240 juriad.
900 4179 992 4242 patrina.
1009 4178 1022 4244 d
1037 4177 1079 4228 99.
