2738 4740
745 428 806 491 182

286 635 350 679 nuo
376 610 525 678 honorem
549 620 817 698 promoverentur;
846 608 894 674 iili
925 629 999 674 vero
1023 606 1257 696 burgimagistri

287 737 381 814 atque
393 724 607 803 conuliatores,
621 725 676 812 qui
686 725 885 811 amplioribus
894 721 1073 809 praeceptis,
1084 721 1258 788 secundum
1334 796 1338 807 ,

289 838 382 906 edicti
400 841 467 906 Art.
488 841 549 917 48,
573 840 846 924 obtemperassent,
876 837 911 902 in
935 836 1103 902 triennium
1128 835 1258 923 qmdmn

289 952 557 1029 constituerentur,
579 971 688 1016 rerum
713 949 897 1016 decedentes
915 948 1028 1015 iterum
1049 948 1124 1037 eligi
1142 948 1258 1015 cisium

290 1063 440 1152 suffragiis
465 1073 606 1149 possent:
628 1062 714 1149 quod
743 1064 768 1127 si
795 1060 897 1149 adepti
920 1061 1068 1139 inissent,
1096 1059 1143 1125 nti
1168 1072 1258 1126 antea

290 1199 417 1266 qunque
439 1187 522 1243 certa
542 1175 747 1264 percepissent
772 1174 938 1262 stipendia,
959 1175 1001 1240 ita
1020 1195 1106 1240 nnnc
1125 1172 1166 1240 ad
1188 1196 1257 1240 um

290 1311 430 1357 normam
453 1289 643 1356 remunerari
675 1287 806 1368 debere,
836 1288 908 1376 qui,
933 1287 1017 1373 justa
1043 1285 1258 1374 proportione,

291 1404 391 1491 regios
411 1402 493 1468 circa
509 1402 702 1489 magistratus
721 1410 886 1486 usurpetur
906 1399 930 1467 ¹.
982 1399 1151 1465 Decretum
1168 1421 1261 1486 porro

291 1525 356 1594 est,
376 1524 412 1580 ut
432 1514 528 1579 iectus
557 1536 593 1579 er
617 1511 731 1579 cisium
751 1532 880 1598 corpore
900 1510 1093 1598 magistratus
1115 1532 1173 1597 per
1196 1533 1261 1577 ser·

292 1627 376 1692 eunii
402 1625 534 1713 spatium
566 1646 697 1691 munere
731 1645 788 1689 suo
815 1623 906 1711 iungi
932 1632 1106 1708 oporteret,
1136 1621 1196 1689 bac
1224 1624 1261 1688 iis

290 1737 431 1825 imposita
442 1735 612 1802 decedendi
629 1735 815 1814 conditione,
832 1746 883 1814 ut,
903 1735 994 1800 tertio
1013 1755 1140 1822 quoque
1158 1758 1261 1813 anuo,

291 1852 386 1917 altera
405 1868 513 1913 eorum
533 1869 619 1934 pars,
648 1847 706 1912 nisi
733 1847 900 1914 instaurata
924 1848 1013 1914 statio
1036 1859 1091 1914 aut
1118 1850 1263 1915 omuibus

291 1973 345 2030 ant
364 1961 522 2048 nonnuliis
541 1960 658 2044 fuisset,
676 1961 852 2047 relinquere
870 1983 937 2027 eam
957 1973 1121 2048 cogeretur
1135 1961 1160 2030 ².
1185 1965 1262 2030 Per-

292 2085 419 2161 petuam
439 2094 523 2152 rero,
534 2072 634 2139 donec
648 2083 777 2139 acutam
796 2072 919 2160 degant,
933 2074 1071 2140 muneris
1092 2076 1264 2163 gestionem

234 2276 235 2280 Ἰ
292 2188 349 2255 soii
366 2188 526 2274 scriptores
543 2187 651 2253 urbani
668 2186 913 2275 aedificandiqne
931 2187 1076 2275 magistri,
1098 2210 1135 2253 ex
1158 2190 1264 2254 muni-

293 2302 398 2388 cipalis
416 2300 507 2368 edicti
526 2301 644 2386 placitis
664 2301 820 2367 consecuti
839 2302 968 2367 fuerunt
984 2301 1007 2369 ³.

337 2414 397 2477 Lex
418 2412 557 2476 omnium
576 2410 687 2476 horum
706 2413 949 2499 magistratuum,
966 2424 1086 2499 praeter
1103 2416 1266 2502 scriptores

294 2524 436 2600 urbanos,
445 2522 687 2611 designationem
703 2524 817 2590 uirium
829 2526 1076 2611 procuratoribus
1087 2528 1230 2596 attribuit
1238 2531 1264 2609 ⁸,

293 2637 433 2725 auspiciis
454 2660 520 2704 eam
541 2637 768 2727 peragentibus,
784 2651 935 2728 quatenus
946 2639 984 2705 ad
996 2635 1128 2726 primam
1136 2643 1266 2710 classem

293 2754 385 2819 urbes
411 2753 601 2831 referuntur,
631 2753 709 2840 regii
739 2775 775 2818 ex
806 2753 980 2840 provinciae
1009 2755 1267 2842 gubernatoribus

294 2866 489 2944 mandatarii,
510 2877 662 2952 quatenus
682 2865 719 2932 ad
745 2866 913 2934 secundam
935 2867 1101 2946 tertiamve,
1119 2867 1267 2953 judicum

295 2992 349 3045 aut
369 2979 515 3046 ruralium
536 2990 591 3045 aut
609 2979 851 3066 toparcbaiinm3
875 2979 1062 3066 quibusdam
1085 2991 1189 3046 tamen
1212 3004 1268 3047 ex·

296 3095 391 3181 ceptis
409 3095 442 3159 in
471 3094 570 3161 media
596 3097 691 3161 ciasse
710 3094 844 3180 oppidis,
867 3094 921 3160 ubi
947 3094 1080 3182 eligendi
1098 3097 1269 3183 negotiois

332 3376 339 3412 ¹
357 3376 419 3426 ibid.
437 3376 455 3424 l.
472 3391 494 3423 c.
511 3374 525 3441 ᾗ
543 3374 585 3436 50,
600 3375 634 3423 ul.
647 3373 659 3421 l
674 3385 698 3423 st
710 3372 736 3423 2.
763 3375 878 3424 iiiuorum
897 3375 1058 3424 conditionum
1081 3375 1270 3441 burgimagistris

296 3480 360 3519 certa
375 3468 461 3518 saiaria
479 3483 520 3530 per
535 3466 631 3529 gerardi
647 3467 750 3517 muneris
766 3477 856 3530 tempus
873 3469 1042 3518 attribuuntur.
1061 3468 1123 3518 ibid.
1136 3471 1169 3519 ai.
1187 3472 1216 3520 d.

330 3563 341 3596 ¹
358 3562 418 3613 ibid.
429 3562 449 3612 l.
468 3576 490 3608 o.
507 3559 521 3626 b
540 3557 584 3622 50,
603 3559 636 3608 ai.
651 3555 676 3608 3.
700 3560 782 3623 Neque
800 3559 838 3608 bis
852 3577 931 3625 aeque
947 3561 1046 3610 notariis
1060 3561 1270 3629 aedificatioaique

297 3656 421 3724 praefectis
437 3656 522 3704 idonea
539 3653 727 3703 remuneratione
742 3653 898 3705 interdicitur.
916 3654 977 3704 ibid.
992 3655 1026 3703 al.
1045 3653 1070 3704 5.

330 3747 666 3816 ³ttt‹1.1.c.§5o,at.5.

334 3845 343 3877 ⁴
363 3844 424 3894 ibid.
444 3843 464 3893 l.
481 3859 502 3890 s.
519 3843 532 3906 p
548 3839 592 3902 52,
614 3841 646 3888 ai.
664 3839 790 3907 l,eott.§
808 3838 946 3903 81,rt0.1.
972 3843 1108 3906 Legitimum
1127 3853 1163 3892 est
1180 3844 1207 3894 iu
1223 3847 1272 3896 bac

297 3937 467 3997 commotione,
486 3944 513 3984 nt
534 3935 630 3984 nonnisi
650 3935 670 3983 ia
695 3934 853 3998 renuntietur,
872 3937 915 3998 qni
935 3954 948 3984 a
966 3937 1074 3999 pluribus
1088 3949 1270 4000 procuratorum

297 4030 471 4082 commendatus
484 4029 556 4078 inerit
570 4045 647 4090 neque
663 4028 746 4078 suffieit
763 4039 789 4077 ut
804 4037 839 4077 tot
857 4029 981 4079 candidato
996 4031 1067 4079 aiicni
1077 4031 1197 4096 suffragia,
1210 4045 1272 4099 quot

297 4133 440 4175 caeterorum
459 4121 555 4182 nemini,
573 4119 706 4182 obtigerint.
