2738 4740
651 480 712 542 241

198 637 328 703 censibus
347 649 494 725 prognata
520 637 682 724 singularia
700 637 782 721 juris
811 636 963 715 conditio,
993 638 1163 704 incolumes

197 749 236 814 ad
257 748 335 814 iilud
359 770 456 835 usque
484 759 604 833 tempus
622 757 854 834 permanerent,
878 767 940 834 quo
961 747 999 813 de
1018 750 1079 814 istis
1097 749 1164 836 pri·

196 862 333 952 vilegiia,
364 873 515 950 quatenus
541 861 659 947 placitis
681 859 895 927 communibus
914 859 1163 939 adversarentur,

196 973 239 1039 sic
255 973 460 1050 immutandis,
473 983 507 1037 ut
524 974 629 1038 aetatis
643 971 771 1058 hujusce
788 972 889 1037 usibus
900 972 1162 1037 accommodatum

196 1097 389 1163 censeretur,
418 1107 491 1151 cum
518 1085 577 1149 illis
606 1085 718 1172 quibus
747 1107 782 1151 ea
808 1095 1023 1171 suppeterent,
1056 1085 1166 1170 pacisci

196 1197 330 1262 licuisset
341 1198 364 1263 ¹.
388 1195 646 1283 Quandoquidem
666 1218 755 1282 porro
774 1195 832 1261 bac
853 1198 922 1284 lege
942 1196 1065 1282 publica
1086 1196 1167 1281 ejus·

197 1308 267 1373 dem
282 1309 361 1393 juris
380 1309 505 1373 vinculo
525 1319 650 1372 cunctas
668 1310 755 1396 regni
772 1319 871 1394 partes
889 1308 1036 1396 conjungi
1055 1308 1166 1394 juben·

198 1433 228 1487 te
246 1421 260 1465 ²
277 1445 312 1487 ea
330 1433 423 1498 certe,
446 1443 527 1508 quae
547 1422 586 1487 ab
607 1421 658 1486 illa
680 1422 866 1500 recederent,
884 1423 1005 1508 propria
1025 1421 1168 1487 busaoiae

197 1533 366 1619 Superioris
387 1533 522 1598 instituta
541 1533 708 1598 necessario
725 1533 955 1619 abrogarentur,
974 1534 1167 1618 sponsionem

197 1645 228 1709 d.
258 1649 271 1709 l
299 1648 386 1712 biart.
412 1644 536 1710 decreto
561 1645 688 1729 insuper
721 1666 893 1730 expressam
922 1644 1104 1730 reperimus,
1134 1654 1169 1708 ut

198 1757 237 1823 de
258 1759 343 1823 istius
374 1755 578 1844 abrogatiooie
614 1755 705 1820 modo
741 1755 961 1841 effectibusque
995 1757 1169 1823 accuratior

198 1867 374 1934 definiendis
404 1869 482 1953 ipsos
508 1867 651 1932 busacioe
681 1866 801 1932 ordines
828 1869 988 1953 separatim
1013 1868 1170 1936 conveniri

198 1992 349 2067 oporteret
368 1977 392 2046 ³.
432 1979 623 2061 Quibuscum
650 1978 759 2064 igitur,
798 2000 879 2043 auno
909 1984 1010 2059 1832,
1043 1992 1167 2065 pactum

197 2094 321 2159 biennio
352 2104 421 2178 post
449 2091 489 2157 ab
518 2090 739 2156 universalibus
768 2090 924 2155 ordinibus
953 2093 1167 2157 confirmatum

199 2208 311 2271 exstitit
337 2203 501 2290 ejusmodi,
533 2224 597 2295 quo
624 2201 774 2288 quaedam
794 2200 905 2266 diserte
934 2203 976 2268 ibi
1005 2216 1171 2269 memorata

140 2323 141 2327 ’
200 2318 304 2404 popuii
322 2316 508 2381 busaciensis
530 2310 658 2400 piacita,
678 2314 794 2400 quippe
813 2313 874 2401 legi
890 2316 1032 2399 publicae
1046 2319 1172 2381 omnino

200 2429 419 2518 congruentia,
442 2427 560 2515 integra
578 2427 705 2505 serrari,
729 2437 845 2492 caetera
870 2450 940 2492 rero
962 2428 1063 2495 omnia
1086 2441 1170 2515 post·

200 2542 318 2606 liminio
337 2541 509 2606 restitutum
529 2540 566 2605 iri
584 2540 850 2625 pronuntiaretur,
871 2543 1001 2608 simulac
1025 2544 1171 2630 contigis-

200 2668 265 2734 set,
292 2664 327 2719 ut
353 2653 552 2739 provinciales
580 2652 627 2716 illi
657 2651 814 2718 communi
842 2652 913 2735 jure
944 2653 1092 2719 Saronico
1124 2654 1170 2718 uti

237 2959 245 2992 ¹
262 2961 354 3010 &orob
368 2959 380 3007 l
393 2961 462 3008 biart.
481 2954 545 3006 1831
569 2955 670 3023 (rbem,
685 2957 747 3006 ibid.
764 2975 786 3020 p.
809 2954 881 3023 201.)
897 2956 938 3006 CI.
956 2970 1017 3018 qaae
1034 2971 1104 3017 snpra
1122 2972 1173 3005 ιο-

201 3055 357 3113 monuimus,
374 3071 399 3115 p.
416 3049 476 3112 221,
498 3046 563 3106 2223
582 3061 725 3110 neubon,
739 3049 753 3114 §
768 3046 802 3097 23
816 3049 842 3096 ia
859 3047 877 3096 1.
898 3048 932 3097 Do
952 3047 1100 3109 episcopatos
1115 3049 1172 3098 li·-

202 3144 290 3192 oiensia
312 3142 474 3192 brendiuriis
496 3141 631 3204 regionibus
652 3158 715 3190 auno
737 3138 804 3189 1666
827 3140 949 3203 conjuncti
964 3138 1105 3202 quibusdan
1122 3149 1174 3203 post

201 3236 263 3285 illud
278 3246 369 3300 tempor
384 3236 482 3285 ursatio
495 3234 633 3297 privilegiis,
649 3233 698 3282 rid.
711 3246 814 3295 ultast,
830 3233 929 3282 Stratsr.
946 3232 1007 3293 7.1,
1022 3248 1045 3293 p.
1061 3228 1109 3278 26-
1129 3230 1170 3290 323

201 3339 342 3391 uuonan,
358 3328 372 3394 6
394 3326 436 3389 16,
456 3335 508 3375 not.
527 3342 561 3388 rr,
578 3323 647 3392 617,
663 3344 686 3389 p.
703 3324 774 3392 53,§
791 3323 834 3387 3⁵,
849 3334 900 3373 not.
913 3324 944 3382 b;
964 3328 1054 3384 abeno,
1071 3323 1174 3373 teriam

140 3458 142 3463 .
202 3420 250 3487 65,
262 3439 286 3485 p.
297 3419 338 3471 ll.
357 3422 444 3471 luitura
462 3421 533 3484 igitur
545 3428 591 3482 est,
606 3419 631 3468 d.
650 3418 727 3469 9061.
743 3416 819 3480 18³⁵,
832 3435 885 3468 curn
897 3427 966 3481 pate
983 3414 1174 3480 Sobonbnrgensi

202 3520 296 3575 pastura
311 3513 367 3561 anni
383 3511 450 3564 1710
460 3513 601 3563 lteeenitsu
617 3514 651 3564 itu
664 3514 788 3578 derogans,
797 3523 823 3563 ut
836 3514 970 3563 crebrarum
984 3511 1026 3559 isti
1039 3510 1103 3572 genti
1118 3528 1174 3574 ertp-

202 3605 330 3668 patentiuro
344 3606 516 3656 inmunitatum
529 3606 599 3667 louge
609 3608 743 3672 najorpsrs
751 3605 939 3656 ermescenatJ.
950 3608 1040 3663 abun,
1048 3601 1174 3653 suentes.

202 3697 220 3746 1.
237 3713 258 3747 c.
272 3715 295 3760 p.
311 3694 369 3747 191.

236 3788 389 3840 ‘Constitue
403 3788 427 3838 d.
444 3793 462 3840 1
477 3790 542 3855 Sept.
562 3787 716 3856 1831,61;
734 3791 799 3839 alias
816 3787 958 3853 ldnigreicb
976 3783 1178 3838 sertoriano·

203 3892 272 3931 nater
287 3883 356 3932 ΕΜ
375 3885 515 3950 torinnam
535 3886 685 3949 ameinigter,
711 3881 874 3933 nntbeilbarer
898 3882 965 3930 Stant
989 3877 1031 3926 des
1047 3878 1178 3931 Tentscben

204 3976 327 4027 buadesss'
343 3978 382 4029 ci.
399 3986 487 4042 noenu,
503 3980 604 4029 terrm
621 3979 636 4045 6
651 3977 677 4041 7,
693 3995 717 4041 p.
734 3974 804 4042 16,6
822 3975 848 4037 9,
864 3993 887 4038 p.
904 3971 949 4023 21).

238 4067 358 4120 'beram
377 4069 390 4118 l
408 4072 475 4121 last.
499 4069 562 4121 1⁸31
589 4071 695 4139 (adun,
720 4068 790 4137 ibid.)
811 4067 846 4117 ci.
864 4061 1042 4130 muromt,§
1059 4060 1100 4126 16,
1118 4065 1142 4114 iu
1159 4068 1176 4117 i.

205 4166 293 4226 niue,
312 4162 410 4214 tonse.
431 4163 504 4233 616.

970 4250 1009 4314 16
