2738 4740
716 439 759 501 84

258 620 428 687 habeantur
455 631 591 706 oportet,
612 641 692 707 quae
717 620 749 684 in
776 628 907 704 utraque
927 616 1002 680 solvi
1021 613 1156 680 debeant
1175 611 1230 674 tri-

255 732 345 810 buta,
366 731 536 818 codemque
554 731 645 796 modo
660 730 878 817 percipiantur.

298 845 412 909 Omnes
438 854 492 910 aut
519 844 636 909 nobiles
657 855 711 908 aut
729 841 877 928 pontificii
892 838 1003 906 fundos
1023 839 1055 903 in
1079 836 1139 901 bac
1156 857 1229 920 pro·

254 955 353 1020 vincia
369 956 554 1040 possidentes
564 956 741 1021 Austriacae
751 967 822 1020 sunt
834 955 918 1040 stirpi
928 950 1141 1039 imperatoriae
1152 949 1230 1012 sub-

248 1066 338 1149 jecti,
351 1068 440 1151 cujus
449 1068 542 1132 solius
553 1079 596 1132 est
607 1066 718 1132 summi
729 1067 850 1152 imperii
857 1066 929 1150 jura
939 1085 1082 1129 exercere
1091 1059 1228 1146 atqucin

252 1179 408 1244 Conventa
420 1181 673 1257 Francolurtensi‚
684 1179 897 1265 suffragiorum
905 1176 945 1241 de
957 1177 1049 1241 rebus
1059 1172 1228 1240 Germani·
1257 1259 1260 1267 1

177 1271 180 1275 ’
253 1288 295 1352 cis
315 1290 510 1357 serendorum
535 1315 636 1371 causa,
659 1292 796 1359 adsidere
816 1313 961 1379 quaeque
988 1291 1051 1354 sola
1072 1286 1230 1353 contribu·

253 1400 384 1467 tionibus
399 1404 525 1470 obnoxia
543 1416 597 1484 cst,
612 1406 813 1471 Germanicae
823 1401 1091 1468 Confoedcrationi
1104 1397 1226 1464 debitis.

295 1513 418 1578 Nobiles
432 1516 611 1599 judicantur
632 1519 670 1583 ad
692 1539 830 1581 normam
851 1516 966 1602 proprii
987 1515 1101 1580 codicis
1122 1512 1189 1587 sui,
1210 1532 1228 1573 a

200 1665 206 1671 -
249 1623 405 1705 jndicibus
426 1629 584 1695 tribunalis
605 1631 643 1695 ab
661 1630 732 1715 ipsis
754 1630 814 1694 illis
836 1628 1004 1695 constituti.

298 1742 457 1805 Austriaca
477 1740 617 1804 nobilitas
636 1740 836 1828 distinguitur
855 1742 888 1805 in
910 1739 1104 1804 nobilitatem
1128 1735 1226 1802 titulis

247 1852 429 1916 instructam
451 1862 482 1916 et
499 1851 687 1916 nobilitatem
708 1853 773 1916 sine
794 1852 899 1917 titulis.

294 1963 406 2030 Vasalli
433 1962 515 2047 apud
546 1962 719 2050 peregrinos
748 1964 955 2028 investituram
986 1962 1128 2046 accipere
1160 1981 1225 2024 nou

249 2072 373 2139 debent.
419 2074 553 2139 Jndieari
580 2087 703 2161 possunt
734 2087 854 2142 tanturn
882 2101 901 2142 a
930 2076 1024 2142 curiis
1046 2073 1225 2139 feudalibus

250 2185 415 2250 Austriacis
445 2187 693 2272 provocandique
728 2188 766 2252 ad
799 2189 1018 2275 gubernatores
1046 2185 1226 2250 Austriacos

249 2307 379 2361 utuntur
399 2298 554 2366 facultate.
592 2298 701 2364 Clerici
720 2300 843 2364 obnoxii
863 2310 936 2364 sunt
955 2299 1099 2363 oneribus
1120 2297 1225 2360 tribu·

250 2408 350 2492 tisquo
369 2408 510 2492 publicis,
533 2410 646 2474 sivein
671 2433 840 2495 personam,
865 2413 927 2475 sire
947 2413 979 2475 in
1002 2412 1082 2475 bona
1103 2410 1226 2474 consti-

249 2518 334 2582 tutis.
379 2518 415 2581 In
430 2519 502 2601 jure
518 2543 550 2585 se
573 2520 682 2586 sistunt
704 2524 795 2588 iidem
814 2547 917 2590 coram
937 2524 1147 2589 saecularibus
1163 2522 1225 2584 tri-

246 2627 430 2705 bunalibus,
452 2630 483 2693 in
504 2631 539 2694 iis
558 2632 672 2697 scilicet
692 2637 799 2713 censis,
816 2659 892 2722 quas
910 2635 1150 2702 consuetudines
1173 2635 1224 2698 le-

247 2759 362 2824 gesque
380 2741 519 2826 propriae
536 2741 735 2812 definiverint.

693 2929 710 3010 §
733 2929 763 2990 3.

611 3054 661 3121 lle
688 3056 837 3143 Tyrolia.

287 3179 373 3245 Circa
391 3183 529 3268 Tyroliae
544 3187 595 3268 jus
618 3189 776 3273 publicum
799 3194 878 3256 salet
899 3190 1062 3257 Ordinatio
1083 3190 1157 3256 data
1181 3193 1224 3255 ob

242 3282 429 3365 imporatore
447 3294 595 3373 lustriae,
618 3298 648 3364 d.
665 3303 708 3364 24
725 3324 767 3365 m.
785 3303 880 3367 lllartii
902 3324 974 3368 ann.
995 3306 1099 3380 1816,
1127 3303 1226 3386 cujus

243 3394 354 3471 placita
373 3399 424 3465 bic
440 3405 643 3487 subjiciamus.

294 3564 332 3648 Α)
357 3568 406 3634 Be
429 3574 606 3643 Ordinibus
628 3581 795 3667 Tyrolr’cis
814 3587 984 3652 secandum
1011 3586 1169 3652 Ordina-

500 3691 618 3752 tionem
641 3694 682 3756 24
703 3694 832 3760 Martii
855 3702 949 3764 1816.

289 3799 427 3883 Tyroliac
453 3819 581 3900 populus
608 3821 640 3884 in
672 3838 804 3909 quatuor
835 3829 1033 3917 distinguitur
1069 3833 1229 3900 ordines:

242 3899 432 4028 P⁰¹¹¹lficios.
447 3921 590 4004 Dynastas
606 3941 635 3992 ct
655 3933 796 4018 Equites,
818 3941 972 4017 Urbanos,
993 3944 1150 4008 Rusticus
1176 3949 1206 4011 ¹.

238 4000 419 4028 *ξ’-κ..

277 4045 286 4076 ¹
305 4047 407 4104 Ordinrt.
424 4059 456 4107 2t
475 4066 540 4118 ldart.
560 4069 633 4134 1816,
651 4079 701 4124 tir.
721 4079 743 4128 l.
