2738 4740
662 444 704 507 23

195 639 290 715 atque
308 629 469 715 splendore
485 629 620 694 multum
636 625 798 691 bominum
815 624 1008 710 opinionibus
1025 648 1063 691 ea
1082 647 1171 711 prae·

197 744 301 808 aertim
330 753 428 808 aetate
458 742 552 807 luisse
579 741 769 815 detractum,
801 758 881 824 qua,
910 761 947 804 ex
977 749 1099 823 recepta
1131 738 1172 804 de

192 854 264 940 jure
291 855 417 942 publico
442 853 608 932 sententia,
638 851 752 940 insigni
775 851 866 918 unice
888 849 1063 917 honoreac
1085 872 1170 916 rere·

195 969 293 1034 rentia
325 990 439 1034 munus
473 967 699 1051 auctoritasque
731 963 909 1029 colerentur
943 963 1171 1048 imperantium.

195 1082 241 1147 lle
260 1093 364 1147 tamen
388 1080 421 1146 in
443 1079 581 1166 pejorem
605 1077 697 1142 etiam
721 1075 842 1140 ordines
862 1073 1079 1140 delaberentur
1100 1097 1172 1141 con·

195 1194 344 1260 ditionem
367 1192 558 1277 omninoque
587 1190 736 1256 celebrari
764 1198 932 1254 conventus
958 1208 1066 1253 eorum
1092 1187 1172 1253 deai-

196 1316 323 1382 nerent‚
354 1303 432 1369 illud
452 1312 578 1388 apparet
597 1323 670 1387 prae
692 1300 817 1366 caeteris
847 1298 1000 1379 effecisse,
1028 1299 1114 1387 quod
1138 1301 1172 1367 iu

198 1417 397 1505 vectigalibus
419 1427 504 1483 certe
526 1413 694 1503 exigendis,
714 1414 802 1479 nullo
812 1413 892 1498 juris
916 1413 1020 1479 colore
1043 1414 1173 1479 sanctio·

199 1550 271 1593 nem
290 1549 396 1592 eorum
415 1528 573 1616 negligere
591 1527 744 1613 principes
771 1526 928 1611 potuerint
944 1525 976 1592 ¹:
1009 1547 1045 1591 ea
1068 1536 1172 1592 autem

197 1641 344 1715 facultas,
367 1639 412 1704 uti
432 1639 552 1705 duobus
579 1651 651 1704 ante
680 1639 828 1717 saeculis,
848 1639 891 1703 ita
919 1638 1116 1704 nuncetiam
1139 1639 1173 1703 in

198 1753 357 1840 proprium
376 1754 620 1819 emolumenturn
642 1753 711 1818 satis
734 1752 852 1817 utiliter
869 1751 1006 1818 adhibita
1024 1753 1065 1818 ab
1086 1752 1173 1819 ordi·

196 1866 287 1930 nibus
305 1866 416 1948 fuerit,
440 1887 548 1931 eorum
580 1887 659 1952 qnae
684 1887 776 1952 aegre
801 1866 918 1930 ferrent
938 1865 972 1929 in
993 1887 1026 1929 re
1045 1865 1171 1950 publica

195 2002 285 2066 saepe
300 1979 533 2064 impetrantibus
548 1980 760 2054 mutationem,
774 1999 1009 2063 nonnumquam
1028 1977 1104 2043 adeo
1114 2000 1171 2044 uo-

196 2115 304 2157 vorum
330 2093 387 2158 sibi
413 2093 646 2179 privilegiorum
675 2092 898 2177 postulantibus
924 2090 1117 2177 largitionem
1146 2092 1171 2153 ².

195 2207 298 2292 Atque
318 2205 351 2270 in
370 2206 425 2271 illo
439 2206 512 2290 jure
531 2203 738 2269 conservando
758 2225 795 2269 ac
815 2202 950 2266 firmiore
967 2202 1061 2267 etiam
1078 2202 1174 2267 stabi-

197 2319 337 2403 lioreque
356 2317 511 2382 reddendo
531 2316 611 2402 ipsas
629 2317 695 2380 illas
715 2316 798 2402 leges
814 2315 939 2400 Imperii
959 2315 1173 2399 adjumentum

198 2429 354 2494 ordinibus
373 2430 556 2515 praestitisse
581 2439 717 2505 constat,
752 2449 827 2515 quas
847 2429 1043 2515 caeteroquin
1063 2450 1173 2514 parum

195 2543 254 2607 sibi
274 2544 407 2608 ferentes
433 2543 658 2629 experirentur,
674 2542 741 2608 illas
761 2542 936 2628 praecipue,
957 2542 1070 2629 quibus
1089 2565 1174 2631 quo-

195 2656 338 2723 rumdam
364 2655 573 2743 Imperialium
602 2659 745 2723 Statuum
775 2656 924 2742 rejectum
949 2657 1042 2723 luerit
1071 2657 1171 2725 oonsi-

195 2772 291 2850 lium,
314 2781 466 2856 quantum
492 2771 738 2857 uniuscujusque
766 2769 897 2857 regionis
918 2769 1094 2856 supplendis
1116 2791 1173 2834 ne·

197 2883 387 2949 cessitatibus
418 2883 551 2949 conferri
583 2882 623 2947 ab
652 2883 733 2947 illius
761 2884 880 2947 civibus
909 2892 1083 2967 oporteret,
1106 2880 1175 2945 lm·

198 2996 276 3082 perii
302 2997 472 3061 Conventus
494 2995 620 3060 arbitrio
641 2994 850 3059 deliniendum
869 2993 1172 3058 commendantium:

198 3111 530 3196 decretumqueporro,
544 3119 579 3174 ut
589 3108 791 3184 munitorum,
800 3107 914 3192 quibus
929 3106 1061 3193 quisque
1071 3107 1174 3173 Statue

199 3222 368 3289 necessario
386 3223 551 3309 indigeret,
565 3224 704 3288 locorum
725 3221 969 3307 militariumque
984 3221 1016 3285 in
1031 3220 1070 3285 iis
1088 3241 1176 3306 prae·

197 3336 346 3401 sidiorum
375 3337 532 3402 curatione
563 3358 655 3400 omne
680 3334 799 3400 ferendi
829 3344 947 3398 sumtus
970 3334 1109 3419 publicos
1127 3334 1175 3398 in·

198 3450 336 3515 celarum
369 3447 507 3515 officium
542 3449 751 3514 contineretur
784 3445 807 3512 ³.
852 3445 1030 3532 cujusmodi
1059 3445 1175 3513 scilicet

197 3562 433 3649 provincialium
447 3561 609 3627 hominum
625 3561 770 3649 obligatio
786 3582 899 3646 quum,
917 3581 1025 3625 eorum
1035 3570 1175 3647 respectu

233 3780 242 3820 ¹
262 3783 342 3845 ldem,
362 3780 453 3849 §546;
471 3783 529 3832 ooll.
551 3781 917 3843 Ιοειι,ἵ.ἆ.1,υιᾶωῆοὶοὶῑ
939 3783 964 3832 in
986 3782 1173 3845 terremotu,

199 3895 220 3939 p.
240 3873 307 3933 6483
326 3888 459 3936 natanta,
476 3875 608 3924 llandbuolr
626 3875 668 3923 dea
685 3876 716 3925 D.
735 3876 833 3924 Stratar.
857 3876 882 3924 V.
903 3877 941 3936 ll,
960 3893 982 3938 p.
1002 3874 1051 3936 49,
1069 3894 1122 3942 aqq.

232 3967 395 4031 2ureaaoas,
413 3969 471 4018 ibid.
490 3979 540 4020 ant.
557 3972 583 4020 k.

232 4059 246 4097 ³
263 4063 368 4111 Pertinet
389 4063 480 4111 scilieet
502 4064 550 4113 hare
566 4064 681 4113 lleorsaua
700 4062 793 4125 lanperii
811 4061 867 4109 anni
889 4058 972 4124 1654,
990 4068 1132 4112 memoratur
1146 4061 1175 4108 ab

201 4167 356 4217 arennoaruo,
373 4157 386 4223 p
400 4155 459 4204 atr.
