2738 4740
722 441 764 503 32

260 655 330 697 rum
349 629 514 696 honorifica
539 626 577 691 dc
597 625 720 710 juribus
739 623 880 688 ordinum
899 619 1134 706 provincialium
1154 642 1232 684 sen-

262 747 353 810 tentia
375 743 563 820 invaluisset,
586 750 632 817 ut,
653 740 676 803 si
698 736 972 822 impertiendorum
991 733 1234 821 erigendarum-

260 862 322 944 quc
338 856 531 944 vectigalium
554 853 685 939 excipias
706 849 855 928 officium,
878 848 960 914 baud
979 848 1051 912 ullis
1074 849 1120 912 illi
1138 849 1234 934 parti-

260 973 363 1037 busin
385 968 428 1035 rei
445 969 588 1055 publicae
602 965 865 1033 administratione
876 965 1090 1049 fungerentur.
1114 962 1234 1043 Quam-

261 1105 355 1169 quam
385 1080 553 1167 provincias
581 1099 705 1164 quoque
725 1077 816 1141 fuisse
836 1076 986 1152 norimus,
1007 1075 1121 1161 quibus
1149 1072 1235 1138 tanta

261 1196 306 1259 uti
330 1196 474 1260 felicitate
504 1192 685 1279 contigerit,
720 1201 754 1255 ut
780 1191 979 1276 antiquorum
1011 1190 1236 1276 genuinorum-

262 1328 324 1393 que
352 1307 472 1391 jurium
500 1307 569 1372 satis
598 1307 718 1392 integra
742 1306 876 1390 ipsarum
907 1303 1064 1367 ordinibus
1091 1324 1237 1388 perman·

262 1420 334 1483 serit
361 1418 525 1497 exercitio,
558 1419 665 1483 utilem
689 1419 726 1481 iis
753 1416 810 1481 bac
837 1417 870 1478 in
899 1438 933 1480 re
958 1437 1048 1502 opem
1076 1414 1151 1500 ipsis
1179 1417 1237 1477 tri-

262 1531 426 1595 bunatibus
454 1531 578 1616 Imperii
603 1530 834 1615 praestantibus.
880 1527 994 1609 Quod,
1023 1529 1069 1591 uti
1103 1527 1143 1592 de
1171 1526 1238 1590 aliis

264 1644 457 1730 regionibus,
506 1644 550 1709 sic
590 1643 741 1728 imprimis
775 1643 854 1707 valet
890 1642 930 1706 de
964 1640 1240 1707 brunsvicensibus

264 1755 504 1841 principatibus,
526 1755 566 1820 de
593 1755 853 1841 Meclemburgid,
876 1755 1000 1832 Bassia,
1024 1764 1119 1840 atque
1137 1754 1241 1817 Wur-

265 1865 432 1954 tembergid
453 1867 477 1931 ¹.

310 1981 353 2043 Ex
370 1979 422 2056 iis,
453 2001 533 2067 quae
558 1978 597 2044 de
616 1980 813 2065 antiquorum
837 1978 979 2044 ordinum
1002 1974 1241 2064 provincialium

265 2093 298 2156 in
315 2093 490 2170 Germania,
510 2093 598 2157 variis
612 2092 810 2178 temporibus,
824 2091 999 2157 conditione
1013 2088 1239 2155 breviter'bue·

266 2227 364 2292 usque
379 2204 616 2292 disputavimus,
636 2205 705 2270 satis
725 2204 885 2270 manifesto
904 2225 1053 2290 apparere
1070 2224 1241 2288 speramus,

266 2318 464 2384 Germanicos
490 2319 643 2405 principes
664 2317 814 2384 infinitam
844 2318 876 2381 in
907 2317 1043 2382 subditos
1073 2317 1132 2380 sibi
1162 2316 1244 2382 cives

269 2450 438 2515 numquam
467 2429 608 2495 habuisse
630 2440 826 2515 potestatem,
859 2429 913 2494 sed
942 2451 1049 2494 eorum
1078 2429 1243 2493 arbitrium

269 2541 378 2606 eximie
398 2541 462 2605 fere
482 2552 684 2626 temperatum
706 2541 743 2606 iis
757 2543 880 2627 juribus
900 2543 1009 2618 fuisse,
1033 2562 1133 2627 quae,
1157 2540 1244 2604 vario

269 2662 352 2717 certe
372 2650 464 2716 modo
484 2653 660 2740 graduque,
684 2666 846 2740 suppetere
865 2654 955 2719 variis
979 2653 1144 2718 hominum
1162 2654 1243 2718 ctas·

269 2763 351 2829 sibus
374 2762 571 2828 ducerentur.
606 2765 693 2846 Quae
719 2766 772 2830 ubi
794 2765 925 2831 dicimus
947 2767 1140 2854 singularum
1166 2766 1245 2830 clas-

269 2875 349 2939 sium
365 2875 447 2960 jura,
460 2874 518 2941 boc
537 2897 600 2941 uno
621 2877 715 2942 verbo
734 2878 799 2963 jaro
819 2878 895 2943 illud
919 2880 977 2943 rite
996 2879 1085 2944 nobis
1103 2877 1247 2943 ridemur

271 2989 449 3073 exprimere,
469 3012 542 3078 quo,
555 3001 711 3077 tamquam
725 2991 927 3057 fundamento
948 3014 1013 3070 suo,
1029 2991 1177 3056 ordinum
1193 2990 1247 3054 illa

271 3101 362 3165 unice
373 3113 576 3187 superstmcta
584 3102 675 3168 fuerit
685 3103 869 3170 constitutio.
891 3109 995 3192 Atque
1009 3106 1050 3169 ita
1057 3105 1125 3189 jam
1137 3114 1248 3190 sponte

272 3209 310 3275 ad
328 3233 395 3275 earn
416 3212 625 3300 attingendam
650 3216 859 3302 quaestionem
881 3214 996 3303 delapsi
1018 3238 1136 3294 sumus,
1153 3238 1248 3302 quae,

273 3319 331 3386 bac
349 3333 448 3388 nostra
464 3335 578 3403 aetate,
597 3348 614 3390 a
634 3337 678 3390 tot
698 3326 767 3390 airis
782 3326 890 3402 doctis,
912 3328 945 3393 in
959 3330 1126 3395 Germania
1146 3350 1248 3415 prae-

274 3433 394 3512 sertim,
414 3447 496 3501 tante
514 3436 612 3502 studio
633 3438 740 3525 agitari
763 3441 875 3529 soieat,
898 3440 938 3506 dc
957 3440 1138 3507 discrimine
1154 3439 1248 3504 ride·

275 3542 346 3607 licet
370 3545 512 3611 ordinum
541 3548 772 3632 provincialium
801 3549 930 3616 instituti
958 3563 988 3617 et
1008 3551 1250 3627 constitutionis,

277 3670 369 3733 quam
402 3657 495 3744 vulgo
523 3657 646 3741 dicunt,
677 3664 947 3744 repraesentatirae
964 3664 987 3729 ².
1049 3664 1142 3745 Quod
1176 3686 1254 3728 sanc

269 3765 469 3785 -ᾕ-

314 3838 325 3875 1
343 3842 465 3908 armon,
491 3851 579 3916 §59b
596 3854 629 3902 Gt.
648 3854 677 3902 ds
695 3856 891 3922 Haelenburgit,
911 3873 1001 3922 norm,
1019 3861 1070 3910 ton
1090 3861 1134 3910 der
1150 3861 1254 3912 unct·-

280 3930 361 3979 st's'ade
378 3935 479 4000 braden,
497 3959 519 4004 p.
539 3942 615 4007 1253,
633 3962 685 4008 sqq.

316 4021 329 4056 ²
346 4024 491 4077 debilissima
512 4033 598 4083 braces
622 4037 737 4099 qussstio'
749 4041 810 4101 juris
827 4043 918 4104 publici
934 4044 959 4091 in
977 4045 1104 4095 Germanis
1122 4048 1257 4112 scriptores

284 4114 309 4160 in
326 4114 383 4163 duas
399 4121 466 4178 qussi
483 4123 583 4173 familias
600 4128 706 4179 divisisse
724 4131 824 4193 ridetur,
843 4152 942 4196 quarum
961 4137 1037 4186 altars
1055 4139 1172 4188 rationem
1192 4142 1257 4189 snti-
