2738 4740
716 447 778 510 102

307 633 334 692 1.
357 628 555 715 inauguratio
575 627 665 712 regis.
719 625 767 690 Ad
785 626 950 711 imperinm
971 648 1021 690 rer
1051 628 1233 712 perveniens

255 741 327 825 jure
337 739 471 825 jurando
485 736 635 824 spondere
652 748 775 803 tenetur
788 736 927 803 diadema
940 739 1061 826 regium
1078 753 1233 806 serratum

258 851 297 914 iri
322 851 356 916 in
382 873 479 938 regno
502 873 520 914 a
547 848 724 914 custodibus
749 872 785 914 ex
814 847 957 913 ordinum
985 851 1073 916 sociis
1094 854 1232 928 selectis,

259 975 327 1030 tum
349 985 476 1051 quoque
504 963 671 1027 solemnem
700 962 869 1027 instaurare
885 961 1125 1048 professionem,
1148 965 1233 1051 regia

258 1078 353 1163 stirpe
368 1076 526 1154 exstincta,
548 1075 599 1158 jus
617 1074 749 1161 eligendi
767 1097 872 1161 regem
891 1074 930 1139 od
954 1074 1076 1140 ordines
1096 1098 1161 1140 eme
1182 1099 1232 1140 re·
1260 1097 1262 1100 ·

258 1190 406 1255 ditumm.
451 1188 540 1271 Quae
568 1186 713 1252 solemnis
743 1188 821 1274 regis
848 1185 1042 1273 inauguratio
1067 1208 1104 1251 ac
1129 1187 1234 1252 diade·

258 1302 347 1368 matis
379 1301 531 1387 impositio
558 1310 743 1388 peragantur
774 1310 893 1385 oportet
919 1301 1000 1365 intra
1028 1321 1079 1364 sex
1102 1322 1232 1377 menses,

258 1425 326 1501 post
339 1414 504 1480 decessoris
517 1424 647 1478 mortem
663 1414 788 1499 elapsos.
808 1413 988 1478 Jurameuto
1008 1412 1144 1498 denique
1161 1436 1233 1500 pro-

258 1525 353 1590 mittit
370 1549 422 1591 rex
443 1548 476 1591 se
496 1526 602 1612 populi
626 1526 785 1614 privilegia
805 1525 946 1613 religiose
964 1524 1204 1595 vindieatnmm.

303 1643 334 1704 2.
360 1639 489 1703 Palatini
510 1637 733 1725 custodnmque
755 1638 932 1705 diadematis
953 1640 1074 1706 electio.
1120 1641 1232 1707 Palati·

258 1772 317 1815 nus
346 1771 507 1834 supremus
535 1750 711 1838 Huugariae
741 1751 935 1837 magistratus
964 1753 1123 1842 ipsiusque
1152 1755 1234 1838 regis

258 1884 323 1928 esse
337 1861 468 1927 vicarius
486 1862 608 1930 dicitur.
645 1864 768 1927 Praeest
784 1862 836 1928 bic
859 1874 927 1929 tum
950 1866 1083 1932 coneilio
1098 1865 1233 1951 Imperii,

258 1973 343 2062 quod
355 1984 491 2057 vocatur,
503 1986 580 2052 tum,
594 1985 629 2039 ut
643 1973 784 2053 vidimus,
800 1975 943 2041 ordinum
964 1979 1130 2042 conventui
1146 1980 1234 2042 blen-

259 2109 374 2175 saeque
403 2088 615 2173 Septemvirali
639 2087 702 2153 sire
724 2110 868 2173 supremo
897 2089 1046 2154 tribunali
1070 2091 1137 2177 ipso
1161 2091 1234 2176 jure

257 2200 427 2286 adscriptus
448 2198 590 2268 habetor.
635 2201 708 2286 Ejus
727 2213 773 2266 est
790 2223 894 2288 regem
919 2201 1089 2267 diademate
1109 2204 1235 2291 cingere

256 2324 351 2399 atque
364 2313 483 2379 ordines
497 2316 579 2379 inter
599 2325 630 2379 et
647 2336 751 2400 regem
763 2313 966 2379 conciliatoris
979 2316 1116 2399 partibus
1129 2317 1232 2404 iungi.

257 2426 379 2490 Ducere
408 2447 534 2511 quoque
554 2426 766 2511 Hungaricum
789 2427 956 2492 exercitum
977 2429 1053 2492 solet
1074 2429 1234 2516 tribusque

257 2537 428 2623 praefectus
455 2547 498 2600 est
522 2537 733 2615 comitatibus,
757 2537 902 2616 Pestbae,
926 2539 1016 2603 Pilidi
1039 2551 1070 2604 et
1091 2539 1233 2606 Soethae.

256 2651 317 2714 Lex
336 2647 420 2713 hunc
448 2659 536 2713 vocat
556 2648 729 2733 principem
748 2649 780 2714 in
801 2661 864 2715 tota
885 2649 1007 2716 civitate
1028 2663 1097 2738 post
1115 2675 1233 2738 regem.

256 2761 359 2826 Creari
378 2781 450 2824 eum
465 2760 513 2823 lex
526 2760 646 2844 jubeto
661 2761 767 2825 Diaetd
787 2783 822 2825 es
843 2772 1008 2848 quatuora
1028 2784 1101 2849 rege
1115 2784 1235 2848 propo-

256 2873 321 2938 sitis
345 2871 523 2939 caudidatis.
567 2874 612 2937 De
644 2872 820 2938 custodibus
849 2873 1028 2939 diadematis
1046 2875 1112 2957 jam
1142 2896 1235 2960 supra

257 2985 398 3062 diximus,
418 2985 511 3049 moris
530 2985 569 3050 ab
594 2983 722 3071 antiquo
742 2985 851 3064 inisse,
872 2996 907 3050 ut
930 2986 970 3053 ab
994 2986 1153 3050 ordinibus
1177 2986 1235 3050 eli·

258 3108 414 3184 gerentur.
464 3099 544 3162 Sunt
564 3109 666 3162 autem
690 3096 723 3161 bi
750 3119 823 3162 cum
851 3098 986 3184 palatino
1016 3099 1073 3164 soli
1103 3100 1235 3184 majores

256 3209 289 3274 in
306 3209 464 3295 Hungaria
486 3210 688 3295 magistratus,
713 3210 767 3297 qui
789 3231 851 3275 non
875 3232 893 3274 a
912 3232 985 3298 rege
1004 3212 1157 3298 designari
1178 3236 1236 3277 so-

257 3325 349 3387 leant.
395 3323 487 3404 Quod
508 3319 643 3387 rero’ad
668 3323 870 3389 comitatuum
897 3324 1006 3389 attinet
1028 3324 1233 3410 magistratus,

255 3437 337 3513 novi,
360 3435 452 3500 tertio
473 3457 598 3522 quoque
623 3458 716 3514 anno,
739 3447 930 3522 proponente
950 3437 1171 3522 gubernatore,
1193 3439 1235 3503 ab

257 3547 415 3612 ordinibus
432 3557 661 3631 nuncupantur.
691 3549 729 3612 Et
750 3549 831 3613 circa
850 3549 1091 3614 nominationem
1106 3571 1235 3638 quoque

257 3682 375 3740 eorum,
399 3661 453 3744 qui
472 3659 613 3725 inferiora
633 3683 761 3726 munera
783 3661 897 3725 obituri
918 3663 988 3739 sint,
1010 3662 1127 3728 diaetae
1146 3665 1234 3729 arbi-

256 3771 317 3837 trio
343 3774 546 3849 commissam,
575 3794 625 3836 rex
654 3771 858 3838 confirmandi
879 3785 997 3839 tantum
1025 3786 1145 3841 csercct
1164 3799 1232 3863 po—

258 3894 407 3948 testatem.

303 3997 336 4059 3.
359 3992 508 4058 Admissis
541 4004 720 4080 magnatum
754 3995 967 4082 nobiliumque
997 4000 1233 4087 peregrinorum

256 4106 294 4170 ad
319 4105 466 4170 ordinum
488 4107 672 4171 societatem.
