<?xml version="1.0" encoding="UTF-8"?>
<!DOCTYPE html PUBLIC "-//W3C//DTD XHTML 1.0 Transitional//EN"
    "http://www.w3.org/TR/xhtml1/DTD/xhtml1-transitional.dtd">
<html xmlns="http://www.w3.org/1999/xhtml" xml:lang="en" lang="en">
 <head>
  <title>
</title>
<meta http-equiv="Content-Type" content="text/html;charset=utf-8" />
  <meta name='ocr-system' content='tesseract 3.04.00' />
  <meta name='ocr-capabilities' content='ocr_page ocr_carea ocr_par ocr_line ocrx_word'/>
</head>
<body>
  <div class='ocr_page' id='page_1' title='image "./specimenjurispu00backgoog_0079.png"; bbox 0 0 2738 4740; ppageno 0'>
   <div class='ocr_carea' id='block_1_1' title="bbox 734 405 775 465">
    <p class='ocr_par' dir='ltr' id='par_1_1' title="bbox 734 405 775 465">
     <span class='ocr_line' id='line_1_1' title="bbox 734 405 775 465; baseline 0.024 -1"><span class='ocrx_word' id='word_1_1' title='bbox 734 405 775 465; x_wconf 87' lang='grc'><strong>56</strong></span> 
     </span>
    </p>
   </div>
   <div class='ocr_carea' id='block_1_2' title="bbox 198 586 1245 2367">
    <p class='ocr_par' dir='ltr' id='par_1_2' title="bbox 198 586 1245 2367">
     <span class='ocr_line' id='line_1_2' title="bbox 271 586 1239 670; baseline 0.003 -20"><span class='ocrx_word' id='word_1_2' title='bbox 271 586 411 664; x_wconf 81' lang='lat' dir='ltr'>Francia,</span> <span class='ocrx_word' id='word_1_3' title='bbox 428 587 458 650; x_wconf 90' lang='lat' dir='ltr'><strong>id</strong></span> <span class='ocrx_word' id='word_1_4' title='bbox 485 598 528 650; x_wconf 90' lang='lat' dir='ltr'><strong>est</strong></span> <span class='ocrx_word' id='word_1_5' title='bbox 551 607 675 662; x_wconf 88' lang='lat' dir='ltr'><strong>secum,</strong></span> <span class='ocrx_word' id='word_1_6' title='bbox 703 587 824 650; x_wconf 80' lang='lat' dir='ltr'><strong>tincolo</strong></span> <span class='ocrx_word' id='word_1_7' title='bbox 844 587 1066 670; x_wconf 82' lang='lat' dir='ltr'><strong>conjunxisset,</strong></span> <span class='ocrx_word' id='word_1_8' title='bbox 1090 588 1167 652; x_wconf 86' lang='lat' dir='ltr'><strong>inira</strong></span> <span class='ocrx_word' id='word_1_9' title='bbox 1187 612 1239 655; x_wconf 90' lang='lat' dir='ltr'><strong>co-</strong></span> 
     </span>
     <span class='ocr_line' id='line_1_3' title="bbox 269 698 1243 787; baseline 0.003 -24"><span class='ocrx_word' id='word_1_10' title='bbox 269 699 382 784; x_wconf 90' lang='lat' dir='ltr'><strong>piosius</strong></span> <span class='ocrx_word' id='word_1_11' title='bbox 404 698 528 764; x_wconf 92' lang='lat' dir='ltr'><strong>anobis</strong></span> <span class='ocrx_word' id='word_1_12' title='bbox 547 709 715 785; x_wconf 77' lang='lat' dir='ltr'><strong>exponetur</strong></span> <span class='ocrx_word' id='word_1_13' title='bbox 731 701 752 764; x_wconf 89' lang='lat'><strong>¹.</strong></span> <span class='ocrx_word' id='word_1_14' title='bbox 797 700 905 786; x_wconf 81' lang='lat' dir='ltr'>Neque</span> <span class='ocrx_word' id='word_1_15' title='bbox 925 723 997 765; x_wconf 88' lang='lat' dir='ltr'><strong>sanc</strong></span> <span class='ocrx_word' id='word_1_16' title='bbox 1016 702 1064 765; x_wconf 85' lang='lat' dir='ltr'><strong>rel</strong></span> <span class='ocrx_word' id='word_1_17' title='bbox 1086 725 1161 787; x_wconf 92' lang='lat' dir='ltr'><strong>opus</strong></span> <span class='ocrx_word' id='word_1_18' title='bbox 1183 706 1243 766; x_wconf 87' lang='lat' dir='ltr'><strong>erit</strong></span> 
     </span>
     <span class='ocr_line' id='line_1_4' title="bbox 270 810 1242 897; baseline 0.005 -24"><span class='ocrx_word' id='word_1_19' title='bbox 270 810 522 887; x_wconf 74' lang='lat' dir='ltr'><strong>animadvertero,</strong></span> <span class='ocrx_word' id='word_1_20' title='bbox 552 811 584 875; x_wconf 95' lang='lat' dir='ltr'><strong>in</strong></span> <span class='ocrx_word' id='word_1_21' title='bbox 614 811 650 875; x_wconf 89' lang='lat' dir='ltr'><strong>iis</strong></span> <span class='ocrx_word' id='word_1_22' title='bbox 678 811 858 895; x_wconf 82' lang='lat' dir='ltr'><strong>provinciis,</strong></span> <span class='ocrx_word' id='word_1_23' title='bbox 881 833 957 897; x_wconf 88' lang='lat' dir='ltr'><strong>quas</strong></span> <span class='ocrx_word' id='word_1_24' title='bbox 986 813 1080 897; x_wconf 85' lang='lat' dir='ltr'><strong>ipsius</strong></span> <span class='ocrx_word' id='word_1_25' title='bbox 1103 815 1242 881; x_wconf 88' lang='lat' dir='ltr'><strong>Francici</strong></span> 
     </span>
     <span class='ocr_line' id='line_1_5' title="bbox 270 922 1243 1008; baseline 0.007 -23"><span class='ocrx_word' id='word_1_26' title='bbox 270 922 392 1008; x_wconf 85' lang='lat' dir='ltr'><strong>imperii</strong></span> <span class='ocrx_word' id='word_1_27' title='bbox 410 923 530 1008; x_wconf 81' lang='lat' dir='ltr'><strong>corpori</strong></span> <span class='ocrx_word' id='word_1_28' title='bbox 558 944 772 988; x_wconf 82' lang='lat' dir='ltr'><strong>naroneortrrs</strong></span> <span class='ocrx_word' id='word_1_29' title='bbox 795 924 902 988; x_wconf 91' lang='lat' dir='ltr'><strong>lubido</strong></span> <span class='ocrx_word' id='word_1_30' title='bbox 921 924 1123 1004; x_wconf 83' lang='lat' dir='ltr'><strong>adnexuisset,</strong></span> <span class='ocrx_word' id='word_1_31' title='bbox 1146 928 1243 992; x_wconf 84' lang='lat' dir='ltr'><strong>Fran·</strong></span> 
     </span>
     <span class='ocr_line' id='line_1_6' title="bbox 271 1035 1241 1126; baseline 0.002 -25"><span class='ocrx_word' id='word_1_32' title='bbox 271 1035 375 1101; x_wconf 91' lang='lat' dir='ltr'><strong>cicnm</strong></span> <span class='ocrx_word' id='word_1_33' title='bbox 391 1036 528 1121; x_wconf 89' lang='lat' dir='ltr'><strong>justum</strong></span> <span class='ocrx_word' id='word_1_34' title='bbox 548 1036 708 1120; x_wconf 89' lang='lat' dir='ltr'><strong>publicum</strong></span> <span class='ocrx_word' id='word_1_35' title='bbox 721 1048 788 1101; x_wconf 90' lang='lat' dir='ltr'><strong>tum</strong></span> <span class='ocrx_word' id='word_1_36' title='bbox 808 1039 961 1120; x_wconf 83' lang='lat' dir='ltr'><strong>privatum</strong></span> <span class='ocrx_word' id='word_1_37' title='bbox 975 1059 1119 1126; x_wconf 87' lang='lat' dir='ltr'><strong>quaeque</strong></span> <span class='ocrx_word' id='word_1_38' title='bbox 1138 1040 1177 1104; x_wconf 85' lang='lat' dir='ltr'><strong>ad</strong></span> <span class='ocrx_word' id='word_1_39' title='bbox 1197 1041 1241 1105; x_wconf 91' lang='lat' dir='ltr'><strong>oi-</strong></span> 
     </span>
     <span class='ocr_line' id='line_1_7' title="bbox 270 1149 1241 1235; baseline 0.006 -24"><span class='ocrx_word' id='word_1_40' title='bbox 270 1149 369 1215; x_wconf 87' lang='lat' dir='ltr'><strong>ritatis</strong></span> <span class='ocrx_word' id='word_1_41' title='bbox 382 1149 673 1215; x_wconf 76' lang='lat' dir='ltr'><strong>administrationem</strong></span> <span class='ocrx_word' id='word_1_42' title='bbox 689 1151 889 1235; x_wconf 80' lang='lat' dir='ltr'><strong>pertinerent,</strong></span> <span class='ocrx_word' id='word_1_43' title='bbox 902 1151 987 1228; x_wconf 89' lang='lat' dir='ltr'><strong>ritus,</strong></span> <span class='ocrx_word' id='word_1_44' title='bbox 1002 1174 1133 1230; x_wconf 88' lang='lat' dir='ltr'><strong>normas,</strong></span> <span class='ocrx_word' id='word_1_45' title='bbox 1154 1153 1241 1217; x_wconf 90' lang='lat' dir='ltr'><strong>insti·</strong></span> 
     </span>
     <span class='ocr_line' id='line_1_8' title="bbox 271 1262 1240 1351; baseline 0.003 -24"><span class='ocrx_word' id='word_1_46' title='bbox 271 1273 337 1329; x_wconf 88' lang='lat' dir='ltr'><strong>tuta</strong></span> <span class='ocrx_word' id='word_1_47' title='bbox 359 1274 480 1328; x_wconf 87' lang='lat' dir='ltr'><strong>tantum</strong></span> <span class='ocrx_word' id='word_1_48' title='bbox 497 1285 559 1328; x_wconf 92' lang='lat' dir='ltr'><strong>non</strong></span> <span class='ocrx_word' id='word_1_49' title='bbox 580 1262 692 1340; x_wconf 87' lang='lat' dir='ltr'><strong>omnia,</strong></span> <span class='ocrx_word' id='word_1_50' title='bbox 709 1275 856 1348; x_wconf 83' lang='lat' dir='ltr'><strong>protenus</strong></span> <span class='ocrx_word' id='word_1_51' title='bbox 873 1264 986 1351; x_wconf 83' lang='lat' dir='ltr'><strong>vigere,</strong></span> <span class='ocrx_word' id='word_1_52' title='bbox 1000 1266 1089 1351; x_wconf 85' lang='lat' dir='ltr'><strong>jussu</strong></span> <span class='ocrx_word' id='word_1_53' title='bbox 1107 1268 1240 1342; x_wconf 83' lang='lat' dir='ltr'><strong>victoris,</strong></span> 
     </span>
     <span class='ocr_line' id='line_1_9' title="bbox 198 1375 1243 1464; baseline 0.002 -23"><span class='ocrx_word' id='word_1_54' title='bbox 198 1426 201 1433; x_wconf 90' lang='lat'>.</span> <span class='ocrx_word' id='word_1_55' title='bbox 271 1377 436 1462; x_wconf 82' lang='lat' dir='ltr'><strong>incepisse:</strong></span> <span class='ocrx_word' id='word_1_56' title='bbox 470 1397 602 1464; x_wconf 89' lang='lat' dir='ltr'><strong>quarum</strong></span> <span class='ocrx_word' id='word_1_57' title='bbox 632 1375 728 1463; x_wconf 89' lang='lat' dir='ltr'><strong>igitur</strong></span> <span class='ocrx_word' id='word_1_58' title='bbox 759 1376 802 1441; x_wconf 90' lang='lat' dir='ltr'><strong>sic</strong></span> <span class='ocrx_word' id='word_1_59' title='bbox 831 1375 988 1440; x_wconf 85' lang='lat' dir='ltr'><strong>obliterata</strong></span> <span class='ocrx_word' id='word_1_60' title='bbox 1018 1378 1145 1461; x_wconf 87' lang='lat' dir='ltr'><strong>pristina</strong></span> <span class='ocrx_word' id='word_1_61' title='bbox 1166 1381 1243 1443; x_wconf 86' lang='lat' dir='ltr'><strong>ratio</strong></span> 
     </span>
     <span class='ocr_line' id='line_1_10' title="bbox 271 1486 1242 1573; baseline 0 -21"><span class='ocrx_word' id='word_1_62' title='bbox 271 1488 365 1554; x_wconf 83' lang='lat' dir='ltr'><strong>luerit</strong></span> <span class='ocrx_word' id='word_1_63' title='bbox 387 1500 483 1553; x_wconf 89' lang='lat' dir='ltr'><strong>utne</strong></span> <span class='ocrx_word' id='word_1_64' title='bbox 506 1489 630 1553; x_wconf 86' lang='lat' dir='ltr'><strong>nomina</strong></span> <span class='ocrx_word' id='word_1_65' title='bbox 649 1486 775 1573; x_wconf 88' lang='lat' dir='ltr'><strong>quidem</strong></span> <span class='ocrx_word' id='word_1_66' title='bbox 800 1498 937 1551; x_wconf 81' lang='lat' dir='ltr'><strong>veterum</strong></span> <span class='ocrx_word' id='word_1_67' title='bbox 959 1488 1157 1572; x_wconf 77' lang='lat' dir='ltr'><strong>partitionum</strong></span> <span class='ocrx_word' id='word_1_68' title='bbox 1180 1514 1242 1555; x_wconf 88' lang='lat' dir='ltr'><strong>ser·</strong></span> 
     </span>
     <span class='ocr_line' id='line_1_11' title="bbox 273 1601 1243 1687; baseline 0 -21"><span class='ocrx_word' id='word_1_69' title='bbox 273 1613 428 1667; x_wconf 78' lang='lat' dir='ltr'><strong>narentur.</strong></span> <span class='ocrx_word' id='word_1_70' title='bbox 475 1602 590 1668; x_wconf 82' lang='lat' dir='ltr'><strong>Verum</strong></span> <span class='ocrx_word' id='word_1_71' title='bbox 610 1601 641 1665; x_wconf 93' lang='lat' dir='ltr'><strong>in</strong></span> <span class='ocrx_word' id='word_1_72' title='bbox 660 1601 726 1666; x_wconf 91' lang='lat' dir='ltr'><strong>aliis</strong></span> <span class='ocrx_word' id='word_1_73' title='bbox 745 1622 871 1687; x_wconf 87' lang='lat' dir='ltr'><strong>quoque</strong></span> <span class='ocrx_word' id='word_1_74' title='bbox 891 1601 970 1666; x_wconf 87' lang='lat' dir='ltr'><strong>bene</strong></span> <span class='ocrx_word' id='word_1_75' title='bbox 992 1601 1096 1666; x_wconf 89' lang='lat' dir='ltr'><strong>multis</strong></span> <span class='ocrx_word' id='word_1_76' title='bbox 1116 1604 1243 1667; x_wconf 87' lang='lat' dir='ltr'><strong>Germa·</strong></span> 
     </span>
     <span class='ocr_line' id='line_1_12' title="bbox 272 1712 1243 1799; baseline -0.001 -19"><span class='ocrx_word' id='word_1_77' title='bbox 272 1716 342 1780; x_wconf 91' lang='lat' dir='ltr'><strong>niae</strong></span> <span class='ocrx_word' id='word_1_78' title='bbox 361 1713 543 1789; x_wconf 78' lang='lat' dir='ltr'><strong>civitatibus,</strong></span> <span class='ocrx_word' id='word_1_79' title='bbox 564 1713 596 1776; x_wconf 92' lang='lat' dir='ltr'><strong>in</strong></span> <span class='ocrx_word' id='word_1_80' title='bbox 619 1712 731 1799; x_wconf 88' lang='lat' dir='ltr'><strong>quibus</strong></span> <span class='ocrx_word' id='word_1_81' title='bbox 759 1712 817 1777; x_wconf 87' lang='lat' dir='ltr'><strong>boc</strong></span> <span class='ocrx_word' id='word_1_82' title='bbox 842 1712 973 1777; x_wconf 82' lang='lat' dir='ltr'><strong>infausto</strong></span> <span class='ocrx_word' id='word_1_83' title='bbox 991 1724 1130 1798; x_wconf 90' lang='lat' dir='ltr'><strong>ternpore</strong></span> <span class='ocrx_word' id='word_1_84' title='bbox 1149 1716 1243 1779; x_wconf 89' lang='lat' dir='ltr'><strong>Fran·</strong></span> 
     </span>
     <span class='ocr_line' id='line_1_13' title="bbox 273 1825 1244 1911; baseline -0.003 -18"><span class='ocrx_word' id='word_1_85' title='bbox 273 1848 382 1894; x_wconf 90' lang='lat' dir='ltr'><strong>corum</strong></span> <span class='ocrx_word' id='word_1_86' title='bbox 401 1846 465 1889; x_wconf 92' lang='lat' dir='ltr'><strong>non</strong></span> <span class='ocrx_word' id='word_1_87' title='bbox 485 1825 562 1889; x_wconf 87' lang='lat' dir='ltr'><strong>adeo</strong></span> <span class='ocrx_word' id='word_1_88' title='bbox 581 1825 712 1889; x_wconf 73' lang='lat' dir='ltr'><strong>valuerit</strong></span> <span class='ocrx_word' id='word_1_89' title='bbox 728 1825 913 1901; x_wconf 83' lang='lat' dir='ltr'><strong>auctoritas,</strong></span> <span class='ocrx_word' id='word_1_90' title='bbox 926 1835 961 1889; x_wconf 90' lang='lat' dir='ltr'><strong>ut</strong></span> <span class='ocrx_word' id='word_1_91' title='bbox 977 1847 1143 1910; x_wconf 87' lang='lat' dir='ltr'><strong>quamnam</strong></span> <span class='ocrx_word' id='word_1_92' title='bbox 1158 1829 1244 1911; x_wconf 88' lang='lat' dir='ltr'><strong>prin-</strong></span> 
     </span>
     <span class='ocr_line' id='line_1_14' title="bbox 273 1937 1243 2026; baseline -0.005 -20"><span class='ocrx_word' id='word_1_93' title='bbox 273 1941 358 2026; x_wconf 84' lang='lat' dir='ltr'><strong>cipes</strong></span> <span class='ocrx_word' id='word_1_94' title='bbox 386 1938 520 2003; x_wconf 89' lang='lat' dir='ltr'><strong>secuturi</strong></span> <span class='ocrx_word' id='word_1_95' title='bbox 555 1948 652 2002; x_wconf 84' lang='lat' dir='ltr'><strong>essent</strong></span> <span class='ocrx_word' id='word_1_96' title='bbox 685 1937 878 2024; x_wconf 79' lang='lat' dir='ltr'><strong>gubernandi</strong></span> <span class='ocrx_word' id='word_1_97' title='bbox 906 1938 1020 2024; x_wconf 84' lang='lat' dir='ltr'><strong>legem,</strong></span> <span class='ocrx_word' id='word_1_98' title='bbox 1062 1937 1173 2003; x_wconf 86' lang='lat' dir='ltr'><strong>diserte</strong></span> <span class='ocrx_word' id='word_1_99' title='bbox 1204 1943 1243 2004; x_wconf 91' lang='lat' dir='ltr'><strong>ab</strong></span> 
     </span>
     <span class='ocr_line' id='line_1_15' title="bbox 272 2050 1242 2137; baseline 0 -20"><span class='ocrx_word' id='word_1_100' title='bbox 272 2052 334 2117; x_wconf 89' lang='lat' dir='ltr'><strong>illis</strong></span> <span class='ocrx_word' id='word_1_101' title='bbox 374 2050 649 2137; x_wconf 82' lang='lat' dir='ltr'><strong>praescriberetur,</strong></span> <span class='ocrx_word' id='word_1_102' title='bbox 682 2050 745 2135; x_wconf 86' lang='lat' dir='ltr'><strong>ipsa</strong></span> <span class='ocrx_word' id='word_1_103' title='bbox 779 2061 880 2114; x_wconf 87' lang='lat' dir='ltr'><strong>tamen</strong></span> <span class='ocrx_word' id='word_1_104' title='bbox 909 2071 1012 2114; x_wconf 89' lang='lat' dir='ltr'><strong>rerum</strong></span> <span class='ocrx_word' id='word_1_105' title='bbox 1047 2050 1242 2135; x_wconf 88' lang='lat' dir='ltr'><strong>politicarum</strong></span> 
     </span>
     <span class='ocr_line' id='line_1_16' title="bbox 274 2163 1244 2253; baseline -0.004 -20"><span class='ocrx_word' id='word_1_106' title='bbox 274 2166 421 2233; x_wconf 89' lang='lat' dir='ltr'><strong>continno</strong></span> <span class='ocrx_word' id='word_1_107' title='bbox 439 2165 622 2253; x_wconf 79' lang='lat' dir='ltr'><strong>agitaturum</strong></span> <span class='ocrx_word' id='word_1_108' title='bbox 644 2175 753 2228; x_wconf 87' lang='lat' dir='ltr'><strong>natura</strong></span> <span class='ocrx_word' id='word_1_109' title='bbox 778 2173 872 2249; x_wconf 86' lang='lat' dir='ltr'><strong>atque</strong></span> <span class='ocrx_word' id='word_1_110' title='bbox 893 2163 1061 2249; x_wconf 84' lang='lat' dir='ltr'><strong>progressio</strong></span> <span class='ocrx_word' id='word_1_111' title='bbox 1080 2174 1145 2228; x_wconf 92' lang='lat' dir='ltr'><strong>turn</strong></span> <span class='ocrx_word' id='word_1_112' title='bbox 1171 2166 1244 2230; x_wconf 86' lang='lat' dir='ltr'><strong>alias</strong></span> 
     </span>
     <span class='ocr_line' id='line_1_17' title="bbox 274 2275 1245 2367; baseline -0.004 -21"><span class='ocrx_word' id='word_1_113' title='bbox 274 2301 380 2367; x_wconf 82' lang='lat' dir='ltr'><strong>graves</strong></span> <span class='ocrx_word' id='word_1_114' title='bbox 409 2278 523 2343; x_wconf 88' lang='lat' dir='ltr'><strong>interni</strong></span> <span class='ocrx_word' id='word_1_115' title='bbox 552 2288 647 2342; x_wconf 85' lang='lat' dir='ltr'><strong>statos</strong></span> <span class='ocrx_word' id='word_1_116' title='bbox 683 2275 821 2340; x_wconf 89' lang='lat' dir='ltr'><strong>attulisse</strong></span> <span class='ocrx_word' id='word_1_117' title='bbox 855 2275 1055 2352; x_wconf 87' lang='lat' dir='ltr'><strong>mutationes,</strong></span> <span class='ocrx_word' id='word_1_118' title='bbox 1088 2286 1154 2339; x_wconf 90' lang='lat' dir='ltr'><strong>tum</strong></span> <span class='ocrx_word' id='word_1_119' title='bbox 1185 2276 1245 2342; x_wconf 89' lang='lat' dir='ltr'><strong>hoc</strong></span> 
     </span>
    </p>
   </div>
   <div class='ocr_carea' id='block_1_3' title="bbox 274 2387 1246 2681">
    <p class='ocr_par' dir='ltr' id='par_1_3' title="bbox 274 2387 1246 2681">
     <span class='ocr_line' id='line_1_18' title="bbox 274 2387 1245 2477; baseline 0 -21"><span class='ocrx_word' id='word_1_120' title='bbox 274 2391 425 2477; x_wconf 88' lang='lat' dir='ltr'><strong>imprimis</strong></span> <span class='ocrx_word' id='word_1_121' title='bbox 447 2389 615 2456; x_wconf 89' lang='lat' dir='ltr'><strong>necessario</strong></span> <span class='ocrx_word' id='word_1_122' title='bbox 636 2388 770 2453; x_wconf 81' lang='lat' dir='ltr'><strong>effecisse</strong></span> <span class='ocrx_word' id='word_1_123' title='bbox 791 2387 938 2452; x_wconf 89' lang='lat' dir='ltr'><strong>dicendae</strong></span> <span class='ocrx_word' id='word_1_124' title='bbox 954 2399 1043 2465; x_wconf 84' lang='lat' dir='ltr'><strong>sunt,</strong></span> <span class='ocrx_word' id='word_1_125' title='bbox 1065 2400 1099 2453; x_wconf 90' lang='lat' dir='ltr'><strong>ut</strong></span> <span class='ocrx_word' id='word_1_126' title='bbox 1119 2391 1245 2477; x_wconf 84' lang='lat' dir='ltr'><strong>antiqua</strong></span> 
     </span>
     <span class='ocr_line' id='line_1_19' title="bbox 275 2501 1244 2586; baseline 0 -18"><span class='ocrx_word' id='word_1_127' title='bbox 275 2505 374 2568; x_wconf 87' lang='lat' dir='ltr'><strong>omnis</strong></span> <span class='ocrx_word' id='word_1_128' title='bbox 405 2512 596 2568; x_wconf 79' lang='lat' dir='ltr'><strong>evanesceret</strong></span> <span class='ocrx_word' id='word_1_129' title='bbox 626 2502 770 2565; x_wconf 87' lang='lat' dir='ltr'><strong>ordinum</strong></span> <span class='ocrx_word' id='word_1_130' title='bbox 799 2501 1029 2586; x_wconf 82' lang='lat' dir='ltr'><strong>provincialium</strong></span> <span class='ocrx_word' id='word_1_131' title='bbox 1056 2504 1244 2568; x_wconf 89' lang='lat' dir='ltr'><strong>constitutio.</strong></span> 
     </span>
     <span class='ocr_line' id='line_1_20' title="bbox 274 2613 1246 2681; baseline -0.002 0"><span class='ocrx_word' id='word_1_132' title='bbox 274 2616 333 2681; x_wconf 77' lang='lat' dir='ltr'><strong>Tot</strong></span> <span class='ocrx_word' id='word_1_133' title='bbox 350 2615 432 2680; x_wconf 89' lang='lat' dir='ltr'><strong>enim</strong></span> <span class='ocrx_word' id='word_1_134' title='bbox 453 2614 539 2681; x_wconf 86' lang='lat' dir='ltr'><strong>lactis</strong></span> <span class='ocrx_word' id='word_1_135' title='bbox 557 2625 709 2679; x_wconf 90' lang='lat' dir='ltr'><strong>terrarum</strong></span> <span class='ocrx_word' id='word_1_136' title='bbox 727 2613 961 2678; x_wconf 87' lang='lat' dir='ltr'><strong>alienationibus</strong></span> <span class='ocrx_word' id='word_1_137' title='bbox 985 2636 1022 2679; x_wconf 89' lang='lat' dir='ltr'><strong>ac</strong></span> <span class='ocrx_word' id='word_1_138' title='bbox 1043 2616 1246 2681; x_wconf 88' lang='lat' dir='ltr'><strong>translationi-</strong></span> 
     </span>
    </p>
   </div>
   <div class='ocr_carea' id='block_1_4' title="bbox 274 2725 1248 3153">
    <p class='ocr_par' dir='ltr' id='par_1_4' title="bbox 274 2725 1248 3153">
     <span class='ocr_line' id='line_1_21' title="bbox 274 2725 1246 2813; baseline 0 -20"><span class='ocrx_word' id='word_1_139' title='bbox 274 2728 333 2793; x_wconf 89' lang='lat' dir='ltr'><strong>bus</strong></span> <span class='ocrx_word' id='word_1_140' title='bbox 357 2737 392 2792; x_wconf 92' lang='lat' dir='ltr'><strong>ut</strong></span> <span class='ocrx_word' id='word_1_141' title='bbox 417 2727 502 2791; x_wconf 87' lang='lat' dir='ltr'><strong>nulla</strong></span> <span class='ocrx_word' id='word_1_142' title='bbox 525 2728 622 2791; x_wconf 90' lang='lat' dir='ltr'><strong>lerme</strong></span> <span class='ocrx_word' id='word_1_143' title='bbox 646 2737 722 2791; x_wconf 90' lang='lat' dir='ltr'><strong>esset</strong></span> <span class='ocrx_word' id='word_1_144' title='bbox 745 2725 870 2802; x_wconf 83' lang='lat' dir='ltr'><strong>civitas,</strong></span> <span class='ocrx_word' id='word_1_145' title='bbox 894 2727 970 2812; x_wconf 90' lang='lat' dir='ltr'><strong>quin</strong></span> <span class='ocrx_word' id='word_1_146' title='bbox 990 2739 1139 2813; x_wconf 86' lang='lat' dir='ltr'><strong>perpetuo</strong></span> <span class='ocrx_word' id='word_1_147' title='bbox 1162 2731 1246 2793; x_wconf 81' lang='lat' dir='ltr'><strong>velut</strong></span> 
     </span>
     <span class='ocr_line' id='line_1_22' title="bbox 275 2838 1247 2925; baseline -0.001 -19"><span class='ocrx_word' id='word_1_148' title='bbox 275 2849 363 2906; x_wconf 89' lang='lat' dir='ltr'><strong>motu</strong></span> <span class='ocrx_word' id='word_1_149' title='bbox 389 2838 582 2917; x_wconf 88' lang='lat' dir='ltr'><strong>turbaretur,</strong></span> <span class='ocrx_word' id='word_1_150' title='bbox 615 2839 719 2903; x_wconf 91' lang='lat' dir='ltr'><strong>multis</strong></span> <span class='ocrx_word' id='word_1_151' title='bbox 748 2860 961 2925; x_wconf 67' lang='lat' dir='ltr'><strong>eorumquae</strong></span> <span class='ocrx_word' id='word_1_152' title='bbox 982 2839 1247 2918; x_wconf 82' lang='lat' dir='ltr'><strong>anteababuerat,</strong></span> 
     </span>
     <span class='ocr_line' id='line_1_23' title="bbox 276 2951 1245 3039; baseline 0.001 -22"><span class='ocrx_word' id='word_1_153' title='bbox 276 2951 410 3039; x_wconf 87' lang='lat' dir='ltr'><strong>partium</strong></span> <span class='ocrx_word' id='word_1_154' title='bbox 433 2962 572 3017; x_wconf 84' lang='lat' dir='ltr'><strong>truncata</strong></span> <span class='ocrx_word' id='word_1_155' title='bbox 597 2953 745 3037; x_wconf 82' lang='lat' dir='ltr'><strong>novisque</strong></span> <span class='ocrx_word' id='word_1_156' title='bbox 770 2952 802 3015; x_wconf 92' lang='lat' dir='ltr'><strong>in</strong></span> <span class='ocrx_word' id='word_1_157' title='bbox 830 2953 953 3016; x_wconf 87' lang='lat' dir='ltr'><strong>illarum</strong></span> <span class='ocrx_word' id='word_1_158' title='bbox 977 2955 1081 3018; x_wconf 90' lang='lat' dir='ltr'><strong>locum</strong></span> <span class='ocrx_word' id='word_1_159' title='bbox 1105 2955 1245 3019; x_wconf 87' lang='lat' dir='ltr'><strong>adscitis:</strong></span> 
     </span>
     <span class='ocr_line' id='line_1_24' title="bbox 277 3046 1248 3153; baseline 0 -22"><span class='ocrx_word' id='word_1_160' title='bbox 277 3078 308 3131; x_wconf 90' lang='lat' dir='ltr'><strong>et</strong></span> <span class='ocrx_word' id='word_1_161' title='bbox 330 3065 464 3152; x_wconf 87' lang='lat' dir='ltr'><strong>disjungi</strong></span> <span class='ocrx_word' id='word_1_162' title='bbox 490 3066 630 3150; x_wconf 88' lang='lat' dir='ltr'><strong>plurimis</strong></span> <span class='ocrx_word' id='word_1_163' title='bbox 660 3046 837 3151; x_wconf 80' lang='lat' dir='ltr'><strong>regibnibus</strong></span> <span class='ocrx_word' id='word_1_164' title='bbox 860 3065 1032 3144; x_wconf 88' lang='lat' dir='ltr'><strong>acciderat,</strong></span> <span class='ocrx_word' id='word_1_165' title='bbox 1054 3068 1187 3153; x_wconf 89' lang='lat' dir='ltr'><strong>quibus,</strong></span> <span class='ocrx_word' id='word_1_166' title='bbox 1209 3071 1248 3132; x_wconf 82' lang='lat' dir='ltr'><strong>ab</strong></span> 
     </span>
    </p>
   </div>
   <div class='ocr_carea' id='block_1_5' title="bbox 276 3247 1251 4156">
    <p class='ocr_par' dir='ltr' id='par_1_5' title="bbox 276 3247 1251 4156">
     <span class='ocr_line' id='line_1_25' title="bbox 312 3247 1249 3317; baseline -0.001 -17"><span class='ocrx_word' id='word_1_167' title='bbox 312 3252 320 3283; x_wconf 88' lang='lat'><strong>¹</strong></span> <span class='ocrx_word' id='word_1_168' title='bbox 338 3252 411 3317; x_wconf 80' lang='lat' dir='ltr'><strong>Quam</strong></span> <span class='ocrx_word' id='word_1_169' title='bbox 429 3249 554 3313; x_wconf 72' lang='lat' dir='ltr'><strong>diligenter</strong></span> <span class='ocrx_word' id='word_1_170' title='bbox 569 3247 632 3297; x_wconf 87' lang='lat' dir='ltr'><strong>illud</strong></span> <span class='ocrx_word' id='word_1_171' title='bbox 649 3258 727 3297; x_wconf 76' lang='lat' dir='ltr'><strong>notun</strong></span> <span class='ocrx_word' id='word_1_172' title='bbox 744 3266 758 3296; x_wconf 87' lang='lat' dir='ltr'><strong>a</strong></span> <span class='ocrx_word' id='word_1_173' title='bbox 775 3261 927 3297; x_wconf 73' lang='lat' dir='ltr'><strong>attornonrt</strong></span> <span class='ocrx_word' id='word_1_174' title='bbox 944 3248 1016 3297; x_wconf 83' lang='lat' dir='ltr'><strong>luerit</strong></span> <span class='ocrx_word' id='word_1_175' title='bbox 1031 3258 1058 3297; x_wconf 90' lang='lat' dir='ltr'><strong>nt</strong></span> <span class='ocrx_word' id='word_1_176' title='bbox 1073 3252 1151 3300; x_wconf 80' lang='lat' dir='ltr'><strong>onnia</strong></span> <span class='ocrx_word' id='word_1_177' title='bbox 1167 3268 1249 3314; x_wconf 82' lang='lat' dir='ltr'><strong>prope,</strong></span> 
     </span>
     <span class='ocr_line' id='line_1_26' title="bbox 277 3340 1250 3408; baseline -0.001 -15"><span class='ocrx_word' id='word_1_178' title='bbox 277 3343 365 3408; x_wconf 78' lang='lat' dir='ltr'><strong>quibu·</strong></span> <span class='ocrx_word' id='word_1_179' title='bbox 389 3344 472 3392; x_wconf 72' lang='lat' dir='ltr'><strong>Franci</strong></span> <span class='ocrx_word' id='word_1_180' title='bbox 495 3349 632 3403; x_wconf 84' lang='lat' dir='ltr'><strong>uterentur,</strong></span> <span class='ocrx_word' id='word_1_181' title='bbox 656 3341 775 3402; x_wconf 71' lang='lat' dir='ltr'><strong>institute,</strong></span> <span class='ocrx_word' id='word_1_182' title='bbox 800 3356 853 3388; x_wconf 81' lang='lat' dir='ltr'><strong>nnn</strong></span> <span class='ocrx_word' id='word_1_183' title='bbox 870 3340 1012 3388; x_wconf 73' lang='lat' dir='ltr'><strong>Germanicia</strong></span> <span class='ocrx_word' id='word_1_184' title='bbox 1029 3343 1165 3390; x_wconf 76' lang='lat' dir='ltr'><strong>nationibus</strong></span> <span class='ocrx_word' id='word_1_185' title='bbox 1183 3359 1250 3392; x_wconf 86' lang='lat' dir='ltr'><strong>oon-</strong></span> 
     </span>
     <span class='ocr_line' id='line_1_27' title="bbox 277 3433 1250 3499; baseline -0.004 -11"><span class='ocrx_word' id='word_1_186' title='bbox 277 3439 424 3499; x_wconf 86' lang='lat' dir='ltr'><strong>rnnnicaret,</strong></span> <span class='ocrx_word' id='word_1_187' title='bbox 441 3437 527 3499; x_wconf 82' lang='lat' dir='ltr'><strong>optime</strong></span> <span class='ocrx_word' id='word_1_188' title='bbox 544 3444 608 3497; x_wconf 79' lang='lat' dir='ltr'><strong>putet</strong></span> <span class='ocrx_word' id='word_1_189' title='bbox 625 3451 655 3481; x_wconf 81' lang='lat' dir='ltr'><strong>ex</strong></span> <span class='ocrx_word' id='word_1_190' title='bbox 668 3436 721 3498; x_wconf 77' lang='lat' dir='ltr'><strong>lege</strong></span> <span class='ocrx_word' id='word_1_191' title='bbox 736 3436 781 3483; x_wconf 82' lang='lat' dir='ltr'><strong>illa</strong></span> <span class='ocrx_word' id='word_1_192' title='bbox 798 3434 903 3497; x_wconf 84' lang='lat' dir='ltr'><strong>publiea,</strong></span> <span class='ocrx_word' id='word_1_193' title='bbox 914 3451 994 3497; x_wconf 80' lang='lat' dir='ltr'><strong>quan,</strong></span> <span class='ocrx_word' id='word_1_194' title='bbox 1006 3451 1070 3483; x_wconf 84' lang='lat' dir='ltr'><strong>nnno</strong></span> <span class='ocrx_word' id='word_1_195' title='bbox 1085 3433 1160 3498; x_wconf 81' lang='lat'><strong>1807,</strong></span> <span class='ocrx_word' id='word_1_196' title='bbox 1172 3437 1250 3484; x_wconf 72' lang='lat' dir='ltr'><strong>ilent-</strong></span> 
     </span>
     <span class='ocr_line' id='line_1_28' title="bbox 276 3526 1249 3596; baseline -0.004 -15"><span class='ocrx_word' id='word_1_197' title='bbox 276 3531 386 3596; x_wconf 84' lang='lat' dir='ltr'><strong>pltalensi</strong></span> <span class='ocrx_word' id='word_1_198' title='bbox 403 3529 494 3579; x_wconf 78' lang='lat' dir='ltr'><strong>civitati</strong></span> <span class='ocrx_word' id='word_1_199' title='bbox 502 3526 644 3588; x_wconf 82' lang='lat' dir='ltr'><strong>condiderit,</strong></span> <span class='ocrx_word' id='word_1_200' title='bbox 653 3528 679 3576; x_wconf 89' lang='lat' dir='ltr'><strong>in</strong></span> <span class='ocrx_word' id='word_1_201' title='bbox 696 3545 743 3591; x_wconf 81' lang='lat' dir='ltr'><strong>qua</strong></span> <span class='ocrx_word' id='word_1_202' title='bbox 762 3544 810 3575; x_wconf 92' lang='lat' dir='ltr'><strong>non</strong></span> <span class='ocrx_word' id='word_1_203' title='bbox 823 3536 914 3575; x_wconf 82' lang='lat' dir='ltr'><strong>tanturn</strong></span> <span class='ocrx_word' id='word_1_204' title='bbox 926 3529 1034 3575; x_wconf 76' lang='lat' dir='ltr'><strong>universe</strong></span> <span class='ocrx_word' id='word_1_205' title='bbox 1046 3529 1076 3574; x_wconf 86' lang='lat' dir='ltr'><strong>ad</strong></span> <span class='ocrx_word' id='word_1_206' title='bbox 1086 3529 1249 3577; x_wconf 78' lang='lat' dir='ltr'><strong>Francioormn</strong></span> 
     </span>
     <span class='ocr_line' id='line_1_29' title="bbox 277 3620 1249 3690; baseline -0.002 -18"><span class='ocrx_word' id='word_1_207' title='bbox 277 3625 417 3690; x_wconf 81' lang='lat' dir='ltr'><strong>placitomn</strong></span> <span class='ocrx_word' id='word_1_208' title='bbox 448 3622 548 3685; x_wconf 81' lang='lat' dir='ltr'><strong>speciem</strong></span> <span class='ocrx_word' id='word_1_209' title='bbox 574 3621 706 3683; x_wconf 71' lang='lat' dir='ltr'><strong>praecipua&#39;</strong></span> <span class='ocrx_word' id='word_1_210' title='bbox 721 3620 783 3684; x_wconf 81' lang='lat' dir='ltr'><strong>juris</strong></span> <span class='ocrx_word' id='word_1_211' title='bbox 807 3620 897 3682; x_wconf 86' lang='lat' dir='ltr'><strong>publici</strong></span> <span class='ocrx_word' id='word_1_212' title='bbox 921 3621 997 3681; x_wconf 83' lang='lat' dir='ltr'><strong>capita</strong></span> <span class='ocrx_word' id='word_1_213' title='bbox 1023 3621 1249 3685; x_wconf 72' lang='lat' dir='ltr'><strong>administrandique</strong></span> 
     </span>
     <span class='ocr_line' id='line_1_30' title="bbox 277 3714 1250 3777; baseline -0.003 -10"><span class='ocrx_word' id='word_1_214' title='bbox 277 3720 337 3767; x_wconf 82' lang='lat' dir='ltr'><strong>ritns</strong></span> <span class='ocrx_word' id='word_1_215' title='bbox 353 3717 445 3765; x_wconf 84' lang='lat' dir='ltr'><strong>definiti</strong></span> <span class='ocrx_word' id='word_1_216' title='bbox 471 3716 585 3776; x_wconf 85' lang='lat' dir='ltr'><strong>inerunt,</strong></span> <span class='ocrx_word' id='word_1_217' title='bbox 610 3731 690 3763; x_wconf 78' lang='lat' dir='ltr'><strong>vernn</strong></span> <span class='ocrx_word' id='word_1_218' title='bbox 708 3714 779 3762; x_wconf 77' lang='lat' dir='ltr'><strong>etim</strong></span> <span class='ocrx_word' id='word_1_219' title='bbox 791 3751 799 3777; x_wconf 91' lang='lat'><strong>,</strong></span> <span class='ocrx_word' id='word_1_220' title='bbox 820 3724 871 3762; x_wconf 84' lang='lat' dir='ltr'><strong>turn</strong></span> <span class='ocrx_word' id='word_1_221' title='bbox 894 3714 967 3763; x_wconf 81' lang='lat' dir='ltr'><strong>codex</strong></span> <span class='ocrx_word' id='word_1_222' title='bbox 986 3716 1063 3764; x_wconf 78' lang='lat' dir='ltr'><strong>civilia</strong></span> <span class='ocrx_word' id='word_1_223' title='bbox 1088 3717 1206 3766; x_wconf 76' lang='lat' dir='ltr'><strong>francicus</strong></span> <span class='ocrx_word' id='word_1_224' title='bbox 1224 3720 1250 3765; x_wconf 85' lang='lat' dir='ltr'><strong>in</strong></span> 
     </span>
     <span class='ocr_line' id='line_1_31' title="bbox 278 3807 1251 3874; baseline -0.003 -12"><span class='ocrx_word' id='word_1_225' title='bbox 278 3809 422 3874; x_wconf 79' lang='lat' dir='ltr'><strong>Wentpbalia</strong></span> <span class='ocrx_word' id='word_1_226' title='bbox 440 3810 517 3874; x_wconf 77' lang='lat' dir='ltr'><strong>rigere</strong></span> <span class='ocrx_word' id='word_1_227' title='bbox 531 3812 628 3871; x_wconf 82' lang='lat' dir='ltr'><strong>jrrnnun,</strong></span> <span class='ocrx_word' id='word_1_228' title='bbox 645 3819 694 3856; x_wconf 85' lang='lat' dir='ltr'><strong>tum</strong></span> <span class='ocrx_word' id='word_1_229' title='bbox 711 3818 830 3869; x_wconf 72' lang='lat' dir='ltr'><strong>monetae,</strong></span> <span class='ocrx_word' id='word_1_230' title='bbox 847 3807 992 3871; x_wconf 85' lang='lat' dir='ltr'><strong>ponderum,</strong></span> <span class='ocrx_word' id='word_1_231' title='bbox 1011 3825 1171 3858; x_wconf 81' lang='lat' dir='ltr'><strong>mansurarum</strong></span> <span class='ocrx_word' id='word_1_232' title='bbox 1190 3813 1251 3859; x_wconf 82' lang='lat' dir='ltr'><strong>ratio</strong></span> 
     </span>
     <span class='ocr_line' id='line_1_32' title="bbox 279 3901 1251 3965; baseline 0.001 -13"><span class='ocrx_word' id='word_1_233' title='bbox 279 3920 306 3952; x_wconf 81' lang='lat' dir='ltr'><strong>nc</strong></span> <span class='ocrx_word' id='word_1_234' title='bbox 317 3903 435 3965; x_wconf 82' lang='lat' dir='ltr'><strong>proportio</strong></span> <span class='ocrx_word' id='word_1_235' title='bbox 445 3901 537 3962; x_wconf 81' lang='lat' dir='ltr'><strong>eadem,</strong></span> <span class='ocrx_word' id='word_1_236' title='bbox 548 3917 609 3963; x_wconf 84' lang='lat' dir='ltr'><strong>qnae</strong></span> <span class='ocrx_word' id='word_1_237' title='bbox 618 3901 643 3950; x_wconf 93' lang='lat' dir='ltr'><strong>in</strong></span> <span class='ocrx_word' id='word_1_238' title='bbox 652 3903 748 3951; x_wconf 80' lang='lat' dir='ltr'><strong>l&#39;rauoin</strong></span> <span class='ocrx_word' id='word_1_239' title='bbox 762 3901 865 3961; x_wconf 79' lang='lat' dir='ltr'><strong>ralebnt,</strong></span> <span class='ocrx_word' id='word_1_240' title='bbox 877 3911 924 3950; x_wconf 87' lang='lat' dir='ltr'><strong>tum</strong></span> <span class='ocrx_word' id='word_1_241' title='bbox 935 3901 974 3949; x_wconf 84' lang='lat' dir='ltr'><strong>len</strong></span> <span class='ocrx_word' id='word_1_242' title='bbox 984 3903 1094 3950; x_wconf 81' lang='lat' dir='ltr'><strong>Franoiea</strong></span> <span class='ocrx_word' id='word_1_243' title='bbox 1104 3904 1133 3951; x_wconf 84' lang='lat' dir='ltr'><strong>de</strong></span> <span class='ocrx_word' id='word_1_244' title='bbox 1148 3908 1251 3953; x_wconf 86' lang='lat' dir='ltr'><strong>conscri-</strong></span> 
     </span>
     <span class='ocr_line' id='line_1_33' title="bbox 278 3994 1251 4061; baseline 0.003 -16"><span class='ocrx_word' id='word_1_245' title='bbox 278 3995 362 4046; x_wconf 79' lang='lat' dir='ltr'><strong>bendis</strong></span> <span class='ocrx_word' id='word_1_246' title='bbox 378 3994 493 4043; x_wconf 78' lang='lat' dir='ltr'><strong>militibus</strong></span> <span class='ocrx_word' id='word_1_247' title='bbox 506 4004 608 4057; x_wconf 80' lang='lat' dir='ltr'><strong>receptu,</strong></span> <span class='ocrx_word' id='word_1_248' title='bbox 625 4004 674 4043; x_wconf 89' lang='lat' dir='ltr'><strong>turn</strong></span> <span class='ocrx_word' id='word_1_249' title='bbox 687 3995 789 4058; x_wconf 82' lang='lat' dir='ltr'><strong>denique</strong></span> <span class='ocrx_word' id='word_1_250' title='bbox 797 4004 820 4043; x_wconf 82' lang='lat' dir='ltr'><strong>et</strong></span> <span class='ocrx_word' id='word_1_251' title='bbox 830 3994 1003 4058; x_wconf 79' lang='lat' dir='ltr'><strong>pacificatorurn</strong></span> <span class='ocrx_word' id='word_1_252' title='bbox 1010 3996 1117 4057; x_wconf 84' lang='lat' dir='ltr'><strong>judicum</strong></span> <span class='ocrx_word' id='word_1_253' title='bbox 1128 4001 1251 4061; x_wconf 79' lang='lat' dir='ltr'><strong>etjurnto·</strong></span> 
     </span>
     <span class='ocr_line' id='line_1_34' title="bbox 280 4087 1251 4156; baseline -0.001 -16"><span class='ocrx_word' id='word_1_254' title='bbox 280 4109 331 4140; x_wconf 70' lang='lat' dir='ltr'><strong>run</strong></span> <span class='ocrx_word' id='word_1_255' title='bbox 349 4089 437 4138; x_wconf 70' lang='lat' dir='ltr'><strong>sancit·</strong></span> <span class='ocrx_word' id='word_1_256' title='bbox 448 4089 494 4138; x_wconf 77' lang='lat' dir='ltr'><strong>toti</strong></span> <span class='ocrx_word' id='word_1_257' title='bbox 503 4089 628 4137; x_wconf 65' lang='lat' dir='ltr'><strong>institutio.</strong></span> <span class='ocrx_word' id='word_1_258' title='bbox 650 4088 698 4137; x_wconf 83' lang='lat' dir='ltr'><strong>tid.</strong></span> <span class='ocrx_word' id='word_1_259' title='bbox 709 4089 764 4138; x_wconf 74' lang='lat' dir='ltr'><strong>dict.</strong></span> <span class='ocrx_word' id='word_1_260' title='bbox 775 4091 854 4138; x_wconf 70' lang='lat' dir='ltr'><strong>const.</strong></span> <span class='ocrx_word' id='word_1_261' title='bbox 866 4092 926 4139; x_wconf 77' lang='lat' dir='ltr'><strong>trit.</strong></span> <span class='ocrx_word' id='word_1_262' title='bbox 939 4087 980 4149; x_wconf 86' lang='lat' dir='ltr'><strong>tr,</strong></span> <span class='ocrx_word' id='word_1_263' title='bbox 992 4087 1033 4149; x_wconf 77' lang='grc'><strong>34,</strong></span> <span class='ocrx_word' id='word_1_264' title='bbox 1046 4089 1088 4151; x_wconf 70' lang='lat'><strong>45,</strong></span> <span class='ocrx_word' id='word_1_265' title='bbox 1102 4088 1144 4152; x_wconf 71' lang='lat'><strong>46,</strong></span> <span class='ocrx_word' id='word_1_266' title='bbox 1154 4092 1196 4156; x_wconf 80' lang='lat' dir='ltr'><strong>tt,</strong></span> <span class='ocrx_word' id='word_1_267' title='bbox 1208 4093 1251 4142; x_wconf 85' lang='lat'><strong>53.</strong></span> 
     </span>
    </p>
   </div>
   <div class='ocr_carea' id='block_1_6' title="bbox 0 0 1387 4740">
    <p class='ocr_par' dir='ltr' id='par_1_6' title="bbox 0 0 1387 4740">
     <span class='ocr_line' id='line_1_35' title="bbox 0 0 1387 4740; baseline 0 0"><span class='ocrx_word' id='word_1_268' title='bbox 0 0 1387 4740; x_wconf 95' lang='lat' dir='ltr'><strong> </strong></span> 
     </span>
    </p>
   </div>
  </div>
 </body>
</html>
