2738 4740
649 470 714 531 283

201 675 268 717 rum
294 653 436 717 ordinum
463 663 631 718 conventus
655 651 799 736 publicus
822 654 985 736 quotannis
1009 651 1166 718 habendus

199 764 312 829 dicitur
330 765 353 829 ¹.

242 877 435 943 Urbanorum
455 875 714 941 mundandorum
732 875 873 942 electioni
886 898 1012 963 operam
1026 900 1165 946 commu·

198 992 277 1056 niter
294 1001 403 1056 navant
419 991 633 1076 magistratus,
656 989 770 1056 cirium
790 1001 1000 1074 procuratores
1021 992 1165 1080 (burger-

198 1101 371 1189 Vorsteber)
384 1112 478 1188 atque
490 1102 645 1180 electores,
658 1102 806 1188 peculiari
817 1103 1030 1190 suffragiorum
1044 1104 1166 1182 latione,

198 1236 233 1277 ex
243 1214 280 1277 iis
295 1213 349 1300 qui
363 1214 583 1299 procurationis
593 1214 705 1279 civium
717 1214 883 1300 capacitate
896 1226 1034 1294 utantur,
1041 1216 1079 1281 ad
1090 1238 1166 1281 nor-

174 1340 177 1345 ’
197 1346 280 1390 mam
297 1324 376 1409 juris
394 1325 427 1390 in
450 1347 576 1413 quaque
596 1327 725 1392 civitatis
744 1338 830 1413 parte
849 1327 979 1414 vigentis
1005 1328 1166 1415 designati.

197 1439 346 1504 Similiter
363 1440 403 1505 ab
429 1439 611 1505 electoribus
631 1441 789 1528 peragitur
812 1441 985 1529 legatorum
1004 1463 1040 1506 ex
1061 1441 1168 1507 ordine

196 1573 402 1636 possessorum
423 1573 484 1616 non
506 1552 655 1617 nobilium
677 1552 854 1640 designatio.
889 1553 940 1618 llli
960 1564 1064 1619 autem
1080 1555 1167 1620 eleo·
1196 1642 1199 1647 .

197 1675 276 1729 tores
291 1665 439 1731 aselectis
454 1666 707 1732 communionum
721 1665 916 1732 mandatariis
928 1665 1166 1731 constituuntur.

196 1779 233 1842 ln
253 1779 383 1866 singulis
402 1790 516 1856 autem,
539 1802 615 1866 qnae
633 1781 881 1858 memoravimus,
900 1780 1100 1847 electionibus
1120 1780 1167 1844 la-

197 1890 311 1957 ciendis
340 1892 392 1957 illa
422 1893 566 1981 suffragia
596 1894 697 1959 valere
721 1894 889 1980 jubentur,
915 1915 996 1983 quae
1028 1893 1166 1958 omniurn

195 2003 337 2097 suffragia
364 2005 527 2071 serentium
551 2005 710 2071 dimidiam
739 2017 857 2092 partem
885 2028 1014 2072 numero
1044 2028 1166 2092 supera·

195 2116 332 2184 verinr2.

239 2230 449 2295 Pronuntiavit
469 2230 605 2317 denique
629 2231 678 2295 lex
704 2232 839 2318 publica,
862 2243 897 2296 ut
918 2232 959 2296 de
987 2230 1121 2318 eligendi
1148 2253 1167 2295 a

195 2340 284 2406 variis
299 2340 458 2407 ordinibus
469 2354 616 2426 usurpato
625 2343 759 2431 negotio,
775 2345 892 2409 ratione
901 2343 1052 2430 imprimis
1065 2340 1168 2408 babitu

195 2455 297 2520 variae
312 2455 464 2520 rariorum
476 2457 700 2542 provinciarum
713 2456 904 2536 conditionis,
918 2457 1061 2523 ordinum
1076 2453 1167 2522 adbi-

194 2564 257 2631 bita
279 2567 475 2647 anctoritate,
497 2569 643 2656 peculiari
658 2572 728 2660 lego
743 2572 823 2637 loret
838 2570 1067 2638 decernendum
1077 2569 1103 2632 ³.

822 2684 828 2715 Ι
1148 2674 1153 2683 .

187 2733 392 2745 *—

228 2809 237 2844 ¹
255 2810 314 2859 nra
331 2811 346 2879 r
363 2811 422 2862 rra.
725 2813 736 2845 2
753 2813 816 2863 rau.
834 2813 848 2880 o
867 2812 928 2875 ror,
945 2812 978 2860 u.
997 2809 1074 2859 r-s.

229 2901 318 2954 siau.
336 2905 350 2972 r
370 2903 428 2966 ror,
446 2905 479 2954 u.
497 2907 523 2955 r.
