2738 4740
648 449 708 513 251

195 628 507 717 Schtinburgensium,
522 651 585 717 quo
604 649 674 696 casu
694 642 793 696 tamen
806 630 990 698 detrahendo
1009 642 1079 698 sunt
1097 634 1159 699 sni·

196 743 290 830 fragis
321 741 404 808 hisce
435 744 580 830 dynastiis
605 744 671 829 jam
701 743 901 809 haereditario
925 745 996 829 jure
1027 767 1159 832 compe-

196 857 289 920 tentia
301 856 324 922 ¹.

239 968 420 1033 Administri
448 969 544 1055 regis,
569 979 705 1055 tempore
725 990 789 1056 quo
810 990 938 1034 munere
951 991 1006 1033 suo
1024 970 1160 1056 iungun-

197 1091 248 1145 tur
263 1091 359 1167 atque
372 1080 464 1145 aulici
477 1078 613 1145 homines
627 1080 813 1167 stipendiarii
827 1080 978 1169 designari
992 1093 1161 1168 nequeunt.

197 1192 345 1257 Donatius
362 1202 464 1256 antem
486 1213 631 1258 numerus
651 1215 772 1279 semper
784 1191 887 1258 edesse
909 1192 1032 1258 debet2.

240 1305 321 1370 Socii
337 1315 440 1370 coetus
455 1305 574 1390 prioris,
593 1307 648 1393 qui
662 1307 691 1370 ri
701 1307 836 1371 muneris
851 1305 897 1371 sni
912 1305 949 1371 ad
969 1306 1054 1371 istam
1065 1307 1163 1372 socie-

126 1443 129 1446 *
199 1428 291 1483 tatem
308 1417 522 1498 admittuntur,
543 1441 611 1484 eam
632 1420 764 1484 retinent
783 1418 881 1484 donec
897 1418 974 1484 iliud
989 1419 1163 1488 amittunt³.

240 1531 377 1616 lieiegati
405 1530 609 1615 capitulorum
640 1553 743 1618 neque
771 1554 833 1597 non
859 1531 1020 1618 Lipsiensis
1044 1531 1161 1598 Acsde·

197 1644 295 1721 miae,
319 1655 354 1708 nt
375 1655 405 1708 et
423 1643 602 1710 mandatarii
623 1645 776 1732 dynastiae
796 1644 979 1710 Wiidenieis
998 1665 1035 1710 ac
1055 1644 1163 1732 dynas-

198 1755 308 1821 tiarum
328 1757 670 1844 (Recessherrschaiten)
689 1757 1008 1846 Schttnburgensium,
1030 1756 1166 1844 dignita·

198 1880 259 1935 tem
286 1894 371 1936 snam
400 1872 455 1936 sibi
482 1872 657 1950 vindicant,
685 1871 784 1938 donec
807 1872 962 1958 prosimus
990 1892 1164 1948 successor,

198 1982 325 2059 ratione,
345 2005 440 2070 quam
457 1985 505 2049 ier
525 1984 718 2069 comprobat,
732 1984 783 2069 jus
804 2006 893 2048 snum
916 1981 1094 2068 patefecerit
1108 1983 1132 2048 ὅ.

239 2095 424 2160 Possessores
452 2096 640 2181 equestrium
664 2093 832 2158 iundornrn
852 2104 919 2158 tum
945 2092 1035 2157 eiecti
1063 2103 1165 2158 tuma

198 2228 269 2293 rege
292 2206 459 2293 designati,
485 2206 536 2289 jus
565 2205 716 2271 societatis
736 2205 767 2269 in
789 2216 877 2270 coetu
897 2203 998 2290 <priori
1029 2225 1167 2291 eousque

199 2319 346 2393 retinent,
376 2317 474 2382 donec
499 2327 696 2402 permaneant
719 2316 772 2392 iis,
795 2329 918 2401 propter
947 2337 1028 2403 quae
1049 2327 1103 2380 out
1134 2315 1166 2380 bi

197 2428 367 2516 designari,
395 2439 447 2494 out
472 2429 517 2493 iiii
542 2441 606 2493 tum
629 2428 754 2494 omnino
783 2439 848 2494 tum
877 2437 1018 2513 respectu
1045 2426 1168 2493 distric-

199 2552 246 2605 tus
264 2542 311 2605 sui
329 2542 402 2630 eligi
420 2543 583 2628 potuerint.
616 2544 773 2609 Praeterea
788 2541 944 2608 decedunt
958 2540 1049 2606 eiecti
1061 2562 1169 2627 eques-

198 2654 290 2719 trium
310 2655 476 2721 iundornm
493 2677 683 2741 possessores,
704 2655 757 2720 ubi
777 2667 915 2739 tempore
929 2650 1068 2716 muneris
1085 2651 1167 2736 apud

199 2767 319 2832 ordines
340 2766 486 2846 obeundi,
506 2769 567 2832 sire
585 2768 744 2854 pubiicum
768 2766 904 2831 officium
925 2760 1098 2848 gerendum
1115 2784 1170 2827 nc·

199 2881 345 2964 ceperint,
366 2882 480 2945 sivein
511 2879 601 2965 operd
631 2879 743 2944 civitati
764 2874 902 2944 novanda
933 2871 1068 2959 promoti
1095 2872 1169 2937 iue-

200 2991 271 3068 rint,
303 2992 366 3057 sire
393 2991 526 3077 deniqne
553 2991 782 3076 stipendiarium
814 2985 897 3074 apud
926 2983 1033 3050 auiem
1061 3003 1173 3046 munus

201 3104 400 3190 susceperint.
425 3106 552 3169 Possunt
586 3114 687 3169 tamen
713 3104 752 3169 ab
777 3104 902 3189 integro
929 3094 1043 3183 prioris
1071 3105 1175 3158 coetu!

199 3218 273 3283 socii
292 3217 364 3304 eligi
386 3217 410 3282 ⁵.

244 3329 375 3414 Utrique
402 3327 542 3392 classium
573 3328 761 3414 equestrium
785 3328 942 3392 bonorum
970 3337 1175 3404 possessorum

200 3441 325 3507 incultas
358 3439 500 3527 permisso
526 3441 759 3506 renuntiationis
796 3448 841 3503 est
876 3442 1008 3520 propter
1036 3427 1178 3492 morbum

199 3557 350 3621 sonticum
375 3576 392 3618 a
413 3553 533 3618 medico
569 3552 813 3626 testificandum,
849 3558 917 3611 tum
954 3549 1084 3630 propter
1108 3539 1180 3603 ulier

200 3689 314 3744 causas,
331 3676 469 3751 respectu
490 3676 544 3729 aut
564 3665 607 3729 rei
621 3687 693 3729 suae
714 3660 872 3727 familiaris
887 3668 943 3720 aut
964 3650 1118 3726 muneris,
1132 3672 1178 3714 re·

200 3802 270 3864 apse
296 3802 346 3844 eos
371 3800 408 3843 ac
428 3778 609 3863 perlongum
632 3789 750 3861 tempus
771 3769 991 3856 impedientes,
1018 3762 1182 3847 quominus

194 3907 406 3920 *-

236 3963 243 3996 ¹
264 3966 314 4012 ibid
334 3968 346 4030 §s
363 3963 407 4027 65,
425 3965 456 4012 si.
476 3967 499 4012 i.
682 3961 692 3994 ¹
711 3959 765 4009 ibid
782 3957 796 4021 p
814 3953 858 4015 65,
877 3953 909 3999 si.
928 3951 953 3999 5.

235 4055 245 4087 ¹
263 4057 322 4104 ibid.
342 4060 355 4124 ᾗ
372 4055 416 4118 66,
434 4056 466 4104 si.
487 4055 509 4102 i.
685 4053 696 4086 ⁸
716 4051 779 4100 ibid.
798 4048 812 4113 d
830 4044 873 4106 66,
891 4046 923 4092 st.
941 4043 968 4091 2.

235 4146 245 4178 ⁸
264 4150 323 4198 ibid.
342 4152 354 4215 qi
372 4148 415 4211 66,
435 4147 502 4197 ιΙ.3.
