2738 4740
622 425 682 488 196

169 610 269 687 etiam,
286 619 450 696 antequam
466 608 612 692 propositi
626 607 714 672 nobis
730 606 903 693 argumenti
923 605 1150 670 tractationem·

167 723 375 798 instituamus,
399 718 498 784 infimi
522 719 636 785 ordinis
660 721 692 784 io
722 718 781 785 hac
801 718 921 785 civitate
946 717 1140 803 municipia,

167 845 258 920 prout
275 832 416 919 expedire
438 832 547 897 nostris
570 832 674 897 usibus
693 830 839 907 rideatur,
861 828 898 895 ad
920 829 998 913 juris
1018 830 1142 916 publici

166 947 294 1012 ductum
324 956 572 1032 praeceptorum,
596 967 654 1032 age
673 944 778 1030 paucis
803 944 955 1008 illustrare
973 964 1137 1008 conemur.

208 1058 370 1123 lluralium
399 1058 667 1135 communionum,
692 1077 824 1143 quntum
858 1056 953 1122 classe
980 1075 1138 1141 quaenam

166 1169 464 1257 comprehendantur
482 1193 572 1258 supra
592 1169 796 1257 significatum
815 1169 893 1244 est¹,
910 1167 963 1233 hos
983 1167 1139 1255 cujusque

166 1283 376 1348 moderamine
408 1283 497 1370 longi
524 1282 714 1369 magistratus
751 1280 938 1367 reperimus,
973 1279 1135 1345 videlicet:

165 1395 324 1480 municipii
348 1395 517 1480 praesidem
545 1389 936 1482 (Gemeinde-Vorsteher),
961 1404 1137 1458 curatorem

165 1508 325 1595 municipii
344 1505 690 1597 (Gemeiude-Pfleger),
708 1506 939 1571 universitatum
960 1505 1137 1591 municipa-

164 1619 239 1684 lium
267 1632 439 1686 curatorem
456 1618 781 1707 (Stil'tungs-Pfleger),
802 1619 896 1682 trinos
920 1615 1056 1703 denique
1082 1629 1138 1682 aut

164 1743 328 1818 quaternos
347 1743 400 1795 aut
414 1733 524 1817 quinos
536 1732 697 1816 municipii
712 1741 920 1816 procuratores
931 1729 1137 1810 (Gemeinde-

162 1841 479 1929 Berollmtchtigten).
526 1844 666 1927 Quorum
688 1844 825 1908 omnium
853 1842 1072 1927 conjunctione
1091 1844 1136 1909 ci·

164 1955 246 2019 vium
276 1953 457 2020 selectorum
483 1955 565 2036 effici
594 1954 708 2019 dicitur
737 1956 902 2042 collegium
935 1953 1135 2043 (Gemeinde-

162 2064 354 2154 tlussclruss).
385 2068 472 2151 Quae
485 2089 557 2133 vero
572 2067 803 2133 communiones
822 2078 886 2131 tum
905 2068 988 2153 ipsae
1008 2068 1137 2154 exiguas

162 2191 282 2246 tautum
304 2203 375 2267 opes
396 2181 584 2267 possideant,
610 2191 674 2245 tum
696 2179 816 2245 nonnisi
835 2201 943 2264 parum
965 2180 1138 2266 locupletes

162 2292 293 2387 habeant
308 2294 527 2376 universitates,
549 2295 581 2358 in
600 2292 646 2358 his
666 2292 919 2378 acciderepotest
935 2303 969 2356 ut
986 2292 1136 2380 singulari

163 2405 221 2470 ciri
252 2406 414 2491 utriusque
445 2406 609 2470 curationis
638 2405 840 2470 demandetur
869 2405 1005 2470 officium
1024 2405 1048 2470 ².
1097 2408 1137 2470 tt

162 2526 285 2593 contra,
309 2516 428 2602 quoties
454 2516 493 2581 de
519 2539 553 2581 re
572 2528 626 2581 aut
649 2517 763 2582 arctius
782 2517 819 2581 ad
838 2519 1015 2583 societatem
1035 2520 1137 2604 perti·
1222 2578 1225 2585 .

162 2639 256 2693 naute
279 2638 332 2692 aut
356 2627 501 2692 moralem
532 2630 565 2693 io
594 2650 629 2693 ea
658 2650 818 2715 personam
848 2629 1000 2695 scholaste
1024 2630 1138 2696 mode-

163 2740 270 2807 randas
288 2763 498 2826 pauperumre
517 2742 766 2808 sustentationem
789 2744 981 2828 respiciente,
1001 2744 1136 2832 collegio

162 2854 344 2921 selectorum
365 2854 594 2920 decernendum
612 2867 666 2936 est,
683 2856 714 2920 in
730 2856 864 2942 ipsorum
887 2857 1069 2923 concionem
1087 2880 1136 2923 sa·

162 2965 221 3031 cris
237 2967 270 3031 in
285 2967 454 3052 municipio
466 2954 642 3054 operantem
653 2971 817 3034 antistitem
830 2969 969 3035 advocari
980 2980 1102 3055 oportet
1111 2971 1135 3038 ³.

161 3078 246 3143 Cives
266 3078 299 3142 in
320 3079 450 3144 comitiis
468 3082 654 3167 congregati,
668 3080 812 3164 judicum
832 3081 972 3167 auspiciis
993 3081 1057 3146 sive
1081 3105 1134 3148 ru·

162 3190 272 3256 ralium
290 3191 352 3256 sive
368 3190 607 3276 toparchalium,
628 3193 821 3280 magistratus
839 3192 989 3282 deligunt.
1034 3194 1135 3262 lidem

157 3304 277 3388 judices
304 3305 361 3368 nisi
381 3304 560 3369 electionem
586 3306 842 3384 confirmaverint,
862 3319 924 3372 rata
949 3307 1056 3375 haberi
1081 3311 1136 3376 illa

162 3438 225 3481 non
254 3427 351 3501 potcst
368 3418 393 3481 ⁴.
447 3409 553 3499 Quum
580 3430 682 3484 autern
713 3441 748 3484 ex
779 3422 843 3506 ipso
869 3422 981 3487 civium
1003 3446 1136 3510 corpore

162 3529 266 3595 cuncti
286 3528 477 3615 magistratus
496 3530 674 3596 desumendi
695 3533 773 3610 sint,
788 3533 918 3618 praesidi
933 3546 963 3599 et
982 3536 1136 3604 ambobus

162 3641 352 3706 curatoribus
386 3638 463 3706 haec
493 3641 617 3728 iusuper
646 3643 780 3709 conditio
808 3646 997 3734 injungitur,
1032 3661 1068 3714 ut
1101 3651 1136 3718 in

161 3755 240 3819 binis
260 3755 354 3819 tertiis
375 3755 543 3840 plurimum
564 3758 671 3823 tributi
687 3758 890 3845 pendentibus
911 3774 1097 3830 censeantur
1110 3766 1137 3835 ⁵.

155 3873 262 3882 nm...
269 3876 395 3885 ...m-..0—

73 3912 79 3967 ’.
196 3927 204 3960 ¹
222 3930 295 3980 Ediet.
314 3932 344 3981 tle
361 3951 426 3984 mun.
444 3945 519 3984 conat.
539 3945 562 3984 et
584 3935 644 3984 edm.
661 3937 689 3985 Τ.
706 3937 727 3996 l,
744 3935 759 4000 ᾗ
779 3932 819 3984 10.

195 4019 205 4051 ²
223 4019 284 4069 lbid.
301 4024 327 4071 T.
346 4024 384 4086 ll,
402 4025 415 4090 §
432 4023 474 4074 93.
494 4025 538 4074 94.
684 4024 773 4075 ‘thid
790 4027 809 4075 l.
827 4042 849 4075 o.
865 4025 880 4093 ᾗ
895 4024 938 4074 94.

195 4111 205 4144 ⁶
224 4111 284 4163 lbid.
303 4114 321 4161 l.
340 4131 361 4161 o.
379 4114 393 4181 p
409 4113 453 4178 96,
471 4118 503 4164 al.
524 4116 546 4166 l.
687 4117 774 4168 ⁵lbid.
792 4119 810 4167 l.
830 4133 852 4168 e.
870 4118 884 4186 ᾗ
899 4115 943 4182 95,
961 4120 994 4170 al.
1014 4119 1039 4170 l.
