2738 4740
678 419 740 483 218

230 620 265 662 ex
290 599 490 676 electoribus,
523 623 540 664 e
567 604 690 666 caeteris
717 602 877 688 capacibus
900 623 956 687 pro
979 600 1076 665 altera
1098 598 1192 665 desu—

229 721 385 775 merentur
404 711 426 778 1.
731 718 733 723 '

273 825 428 889 Postremo
448 837 605 903 notamus,
630 829 697 914 lege
728 832 767 893 15
793 829 874 912 Aug.
901 829 986 893 1828
1017 825 1196 892 confirmata

227 936 319 1000 luisse
339 936 429 1001 edicti
453 945 467 1002 l
489 938 613 1005 lanuar.
638 944 721 1006 1822
741 949 903 1025 praecepta
926 937 966 1003 de
984 939 1118 1005 civitatis
1137 941 1197 1005 mi-

228 1050 321 1116 nistro
344 1050 437 1116 lactas
453 1051 632 1134 electiones,
653 1063 817 1139 antequam
839 1072 911 1117 cum
927 1073 1002 1138 rege
1020 1053 1198 1116 communi·

228 1163 343 1228 candae
363 1164 439 1245 sint,
465 1163 630 1249 probatum
650 1165 664 1209 ²
690 1163 793 1251 deque
826 1163 886 1228 illis
911 1162 1100 1243 candidatis,
1123 1187 1197 1251 quos

228 1275 412 1341 consiliarios
431 1276 573 1362 princeps
584 1297 645 1342 non
668 1278 836 1354 creavisset,
856 1276 1040 1342 vicariorum
1062 1277 1197 1344 officium

228 1388 391 1474 expleturis
410 1387 439 1469 ³3
463 1388 547 1475 quod
574 1401 734 1454 veretum
767 1388 849 1454 idem
886 1388 1023 1453 edictum
1061 1401 1131 1456 tum
1151 1393 1198 1456 lex

228 1500 267 1566 de
285 1513 437 1567 consentu
458 1502 599 1567 ordinum
620 1502 811 1580 decrevisset,
831 1513 928 1567 ratam
947 1500 1057 1566 haberi
1076 1505 1200 1570 electio-

227 1634 299 1678 nem
318 1634 379 1677 non
399 1635 501 1699 posse,
521 1613 579 1679 nisi
607 1615 657 1679 cui
684 1613 844 1679 obeundae
871 1625 931 1677 tres
956 1625 1041 1679 certe
1074 1631 1200 1704 quartae

228 1724 395 1792 cleclomm
423 1738 525 1812 partes
555 1729 761 1793 interfuissent
780 1729 809 1805 ⁴,
837 1727 915 1792 illud
936 1739 1042 1795 nostra
1068 1732 1201 1820 legc‚si

226 1857 289 1901 non
309 1848 451 1916 suetum,
469 1849 501 1903 at
520 1839 684 1904 dilucidius
706 1840 875 1926 expositum
898 1840 1050 1921 inveniri,
1077 1845 1204 1911 totidem

227 1949 397 2015 electorum
407 1960 580 2035 partesnon
597 1961 715 2015 tantum
731 1962 765 2014 ut
781 1951 935 2016 adfuerint
944 1951 1204 2045 (Annesenlreit)‚

226 2083 333 2127 vemm
360 2062 451 2128 etiam
472 2075 507 2128 ut
530 2062 672 2151 suffragia
700 2063 846 2141 tulerint,
873 2064 1128 2160 (Abstimmung)
1161 2093 1206 2136 re·

226 2176 369 2264 quirente
386 2176 410 2241 ⁵.

230 2319 432 2330 -o-—ae

259 2384 267 2415 ¹
287 2385 324 2435 td
339 2384 428 2434 deerat.
444 2384 482 2432 lit.
493 2392 524 2447 β,
542 2384 601 2433 coll.
616 2384 662 2448 leg.
678 2384 730 2432 esd.
745 2383 760 2450 §
779 2382 820 2445 13,
837 2385 877 2432 ΝΟ.
895 2382 922 2434 3.

258 2476 270 2507 ²
287 2475 342 2524 llud.
358 2477 377 2523 1.
392 2476 406 2541 ᾗ
421 2474 464 2538 15,
481 2477 513 2523 ι1.
530 2474 554 2526 l.

259 2566 270 2598 ⁸
287 2566 342 2615 sat.
360 2568 404 2635 ld
420 2565 462 2631 15,
476 2567 507 2615 ul.
528 2568 553 2616 t.

260 2660 271 2692 ⁸
288 2661 383 2709 Demet-
399 2659 411 2708 l
427 2661 526 2711 Jenurr.
542 2656 618 2723 1822,
635 2659 649 2726 β
664 2660 708 2717 tt;
724 2659 794 2709 sdiot.
813 2660 841 2707 de
859 2676 932 2709 cans.
950 2663 1040 2716 ordin.
1058 2667 1091 2718 Τ.
1109 2672 1134 2735 l,
1149 2673 1164 2741 ς
1177 2671 1217 2735 26,

227 2755 259 2804 ul.
277 2751 294 2802 2
311 2763 336 2803 st
350 2753 365 2820 §
381 2751 423 2804 38.

261 2846 272 2879 ⁸
289 2846 344 2899 Eud.
363 2848 381 2897 l.
398 2847 411 2912 d
428 2843 470 2908 ll,
488 2845 528 2894 N0.
544 2843 566 2892 l.
