2738 4740
596 457 658 520 123

136 639 312 725 simpiciter
326 640 494 726 requiritur
518 639 667 724 equestris
682 638 800 723 praedii
821 640 899 704 intra
919 641 1106 727 provinciam

135 754 299 840 possessio,
326 754 390 820 siro
416 752 527 819 nobilis
548 761 637 816 natus
656 750 695 816 sit
714 750 875 830 dominus,
898 754 961 820 sive
985 756 1104 834 minus,

135 867 278 933 facultate
303 869 369 954 regi
393 866 516 942 relicta,
529 874 563 929 ut
582 863 933 931 fideicommissariornm
953 868 1105 934 bonorum

137 979 332 1066 possessioni,
351 999 413 1065 qna
429 975 612 1042 conveniens
629 973 751 1040 duxerit
772 975 908 1053 radone,
933 990 1015 1045 corta
1034 981 1105 1065 jura
1197 1022 1204 1034 ·

137 1092 291 1158 adtribuat
307 1091 330 1158 ¹.
351 1088 556 1157 Constitutum
576 1099 678 1155 tamma
694 1100 739 1153 est
757 1089 790 1153 in
811 1087 1001 1154 ordinatione
1016 1113 1107 1177 supra

135 1214 319 1279 memorata,
339 1223 401 1287 qua
418 1198 571 1287 quaedam
582 1200 660 1285 juris
679 1197 822 1265 ordinum
839 1200 872 1265 in
890 1182 997 1265 Posnid
1008 1202 1108 1288 capita

137 1313 309 1380 accuratius
350 1323 421 1376 sunt
456 1310 599 1388 definita,
638 1322 674 1377 ut
706 1312 779 1398 eligi
807 1323 966 1399 tamquam
993 1313 1107 1380 ordinis

140 1425 294 1511 equitatus
313 1423 406 1510 legati
430 1422 452 1485 ii
477 1444 602 1510 quoque
618 1423 750 1509 possint,
772 1423 826 1511 qui
846 1435 1001 1490 caeterum
1023 1447 1106 1492 com·

139 1534 288 1632 munibus
312 1532 540 1600 conditionibus
566 1534 797 1613 satisfacientes,
830 1536 909 1602 bona
938 1537 1109 1623 possideant

139 1646 306 1732 ejusmodi,
335 1668 416 1734 quae
443 1647 476 1712 in
510 1645 751 1734 hypothecarum
779 1648 916 1728 tabulas,
948 1649 1030 1736 apud
1053 1652 1107 1716 tri·

137 1758 1108 1851 bunaliaPosnienseethmbergense,inerintrelata,quorum

138 1872 266 1959 proinde
290 1872 381 1937 series
408 1871 540 1958 paranda
562 1871 692 1955 jubetur
721 1874 864 1962 regisque
884 1875 1107 1961 coofiqmationi

137 1984 344 2071 subjicienda;
372 1984 566 2062 tumetium,
589 1995 623 2050 ut
649 1985 701 2071 jus
730 1985 873 2052 ordinum
900 1989 1105 2072 exstinctum,

137 2097 282 2164 ‹brisione
300 2097 453 2163 bonomm
472 2096 572 2174 iacta,
598 2094 764 2162 habeatur:
788 2094 822 2182 a)
841 2096 879 2161 iis
903 2100 999 2184 agris,
1025 2121 1107 2185 quae

137 2211 263 2276 millena
293 2209 405 2296 jugera
433 2208 614 2295 paucioraro
639 2207 830 2287 contineant,
861 2210 981 2295 quoties
1008 2210 1105 2276 demi-

137 2332 214 2388 nuta
241 2342 349 2387 eornm
378 2320 543 2387 substantia
573 2320 682 2399 fuerit3
719 2318 750 2408 b)
777 2321 975 2406 amplioribus
1002 2323 1104 2412 agris,

139 2435 259 2520 quoties
289 2432 327 2499 ad
354 2433 507 2499 minorem
531 2436 561 2499 lit
587 2433 704 2522 jugeris
731 2435 861 2521 spatium
886 2436 947 2501 sint
968 2437 1104 2517 redacti,

138 2557 193 2612 ant
203 2547 239 2625 si,
253 2556 367 2612 servata
383 2549 413 2612 tt
425 2547 573 2634 jugerum
590 2548 801 2634 amplitudine,
820 2549 876 2615 soli
893 2549 931 2616 ad
951 2552 1105 2617 culturam

138 2660 221 2725 utilis
253 2660 387 2726 extensio
420 2661 446 2725 D
478 2661 597 2749 jugeris
624 2664 780 2750 angustior
809 2687 874 2730 esse
912 2667 1048 2751 coeperit
1079 2664 1104 2732 ².

136 2773 172 2838 ln
192 2771 251 2839 bae
275 2784 431 2859 praeterea
451 2773 641 2840 ordinatione
662 2777 843 2842 nominatim
863 2775 1032 2864 designatos
1055 2778 1103 2841 in-

138 2886 240 2950 venias
260 2886 391 2951 circulos
406 2886 494 2950 XXII
520 2885 735 2974 (landritliohe
754 2885 894 2973 Kreisen)
915 2889 948 2953 in
971 2910 1106 2974 quorum

138 3017 327 3082 unoquoque
354 2999 507 3085 equitatus
533 2998 667 3085 singulos
693 2998 807 3085 legatos
831 2998 1034 3063 constituendi
1051 3000 1106 3083 jus

139 3107 252 3174 habere
267 3107 378 3175 dicitnr
393 3109 416 3178 ³.
451 3110 609 3196 Denique,
631 3111 712 3176 cirea
737 3111 888 3175 bonorum
913 3110 970 3174 soli
991 3131 1108 3195 posses·

139 3222 255 3286 sionem
275 3222 469 3309 praecipitur,
489 3235 525 3288 ut
546 3223 726 3290 successioni
744 3222 776 3287 in
793 3223 873 3287 boeio
891 3221 1108 3299 descendenti,

139 3333 223 3422 qnod
252 3333 289 3399 ad
314 3335 366 3421 jus
394 3337 554 3414 ordinum,
579 3336 645 3422 pari
668 3337 735 3401 loco
763 3334 920 3402 habendae
947 3336 1007 3398 sint
1038 3346 1106 3400 tum

141 3446 273 3511 universi
297 3448 364 3534 agri
386 3448 466 3512 inter
495 3447 576 3513 risos
600 3447 738 3525 donatio,
762 3458 883 3533 apatre
903 3445 958 3511 fitii
981 3447 1014 3509 iu
1038 3467 1108 3532 gra·

139 3559 212 3624 tiam
231 3560 386 3639 instituta,
403 3571 485 3639 tum,
506 3561 538 3624 in
553 3562 648 3628 classe
659 3561 831 3648 equitatus,
846 3558 1027 3627 collateralis
1038 3580 1108 3623 suc·

140 3671 234 3736 cessio
260 3671 291 3735 in
320 3673 436 3737 bonum
464 3673 654 3759 gentilicium
680 3683 710 3736 et
732 3670 1061 3748 fideicommissarium,
1090 3691 1107 3732 u

139 3785 296 3849 communi
319 3785 418 3871 stirpis
435 3794 559 3850 auctore
577 3784 758 3849 devolutum
779 3785 803 3850 ⁴.

175 3952 1081 4023 ¹intaminatamponentquetosn.qt‚‹tss·s.q7.
1160 3966 1167 3981 ·

174 4049 184 4079 ²
202 4049 255 4097 0rd.
274 4049 303 4096 de
323 4051 392 4097 Poro.
413 4053 474 4100 drtt.
492 4050 518 4107 V,
539 4050 581 4108 Vl,
600 4052 647 4098 iii.
735 4047 814 4099 ³01t.
835 4054 885 4101 aad.
906 4055 956 4102 brt.
975 4050 1009 4098 li.

176 4137 390 4190 *Orderdtra
412 4141 480 4189 xlx.
508 4141 1010 4212 cr.tsxaer0sn.§5,tt⁰.1erut.
