2738 4740
758 563 820 627 128

303 749 471 838 gudenso,
491 749 639 814 Ktlmern
667 747 731 813 und
759 748 883 827 Freien,
912 747 977 814 und
998 769 1053 814 aus
1069 749 1131 814 den
1156 751 1270 817 bauer-

302 864 404 930 lieben
421 859 711 949 Grundbffitaemk
731 863 763 927 in
778 860 932 927 Rhenanis
946 883 1036 948 porro
1048 885 1086 928 ιο
1102 864 1270 948 Westpba·

302 979 379 1044 lensi
399 986 580 1043 memoratos
604 976 758 1042 invenias:
793 987 926 1040 caeteros
946 996 1089 1062 agrorum
1112 975 1269 1054 dominos,

302 1091 440 1178 quinon
469 1099 542 1154 sunt
563 1087 706 1154 ordinum
725 1088 878 1174 priomm;
898 1087 932 1153 in
946 1088 1117 1154 Posniensi:
1134 1089 1271 1177 reliquos

300 1223 446 1291 agrorum
466 1222 662 1288 possessores,
692 1201 748 1266 soli
766 1199 950 1286 proprietate
964 1200 1125 1267 instructos
1142 1204 1270 1268 rusticos

302 1338 340 1382 ao
366 1316 544 1402 pensionem
572 1312 757 1400 praediolem
782 1315 931 1380 solventes
949 1312 1268 1402 (Rrbainsmtnuern);

301 1429 336 1494 in
357 1427 547 1494 ordinatione
567 1425 703 1514 denique
720 1448 812 1513 super
837 1425 944 1492 eadem
964 1427 1121 1512 provincii
1140 1438 1176 1492 ut
1198 1429 1270 1514 plu·

302 1541 416 1605 rimum
443 1537 495 1604 bic
518 1536 591 1604 ordo
620 1538 754 1604 ooourrit
776 1538 835 1604 sub
859 1538 986 1604 nomine
1017 1539 1271 1605 communionum

303 1654 451 1719 ruralium
466 1649 760 1740 (Landgemeinden)
779 1653 803 1719 ¹.
826 1653 987 1740 Quotquot
1008 1651 1137 1739 hujusce
1157 1653 1273 1719 ordinis

301 1765 396 1854 legati
421 1764 571 1853 designari
602 1765 730 1851 possint,
759 1765 864 1831 rustici
900 1765 1018 1852 praedii
1052 1767 1189 1832 dominio
1221 1767 1270 1831 in·

301 1889 431 1944 struotos
446 1900 511 1943 esse
527 1887 646 1964 oportet
668 1878 700 1941 in
724 1898 823 1964 eoque
839 1878 1077 1945 administrando
1094 1878 1273 1966 praecipuas

302 1990 470 2056 industriae
489 2012 561 2056 sune
572 1989 648 2055 rires
663 1989 823 2056 collocatas
841 1989 954 2056 habere
971 1989 1041 2074 (der
1053 1990 1152 2056 Resitz
1172 1992 1271 2071 eines,

302 2101 346 2167 als
372 2100 633 2189 liaubtgeuerbe,
653 2101 745 2167 selbot
766 2101 1062 2168 benirtbsobat‘teten
1085 2103 1272 2193 Landguts):

302 2214 474 2300 cujusmodi
483 2214 653 2300 amplitudo
663 2213 777 2299 praedii
787 2263 796 2292 ,
807 2236 880 2280 oum
895 2214 1089 2281 ulterioribus
1104 2217 1274 2284 ordinatin-

304 2326 394 2393 nibus
411 2327 584 2394 definienda
599 2329 704 2395 reliots
725 2328 865 2407 luissetl,
890 2328 1045 2395 Posniensi
1064 2330 1134 2410 illa,
1153 2331 1274 2419 jugeris

302 2438 614 2527 magdeburgensibus
631 2440 668 2505 ad
688 2441 853 2507 minimum
871 2441 924 2506 LX
942 2442 1098 2508 aestimata
1121 2456 1165 2509 est
1179 2444 1202 2511 ³.
1234 2447 1274 2510 ln

302 2546 457 2613 Rhenanis
483 2559 585 2613 tamen
608 2560 702 2636 atque
722 2549 927 2637 Westphslid,
948 2552 1121 2619 dominium
1147 2555 1191 2621 rei
1216 2558 1275 2622 soli

302 2669 357 2724 aut
370 2660 499 2744 plenum
519 2683 583 2726 esse
599 2673 713 2748 potest,
732 2676 786 2730 sut
805 2666 881 2730 utile
899 2677 1034 2749 tantum;
1053 2679 1121 2735 tum
1137 2671 1275 2738 clausula

302 2768 475 2857 possidendi
508 2771 676 2838 conditioni
708 2772 866 2859 adjicitur,
902 2787 937 2842 ut
963 2779 997 2842 in
1035 2779 1101 2865 ipso
1133 2781 1274 2848 districtu

303 2883 447 2949 electoris
474 2885 650 2969 expleatur;
679 2887 816 2975 denique
847 2890 1057 2976 amplitudinis
1084 2894 1118 2958 in
1148 2896 1275 2961 caeteris

301 2995 465 3083 provinciis
491 2997 681 3066 definiendae
708 3022 871 3068 mensurae
891 3003 1051 3089 praedialis
1078 3007 1185 3072 tributi
1204 3031 1273 3074 mo·

301 3107 358 3177 dus
380 3110 585 3188 substituitur,
609 3114 721 3199 pariter
742 3113 982 3182 ordinationibus
1002 3119 1273 3190 constituerunt.

344 3221 423 3289 Octo
443 3246 479 3289 ex
506 3224 613 3291 ordine
639 3239 748 3313 quarto
773 3228 927 3294 Posniensi
942 3231 1116 3315 provinciae
1144 3233 1273 3300 manda·

301 3334 386 3400 tsriis
405 3334 570 3424 eligendis,
589 3338 700 3416 iidem,
723 3339 778 3426 qui
801 3340 957 3406 minorum
975 3343 1100 3409 urbium
1125 3345 1275 3429 conjunc·

302 3445 453 3526 tionibus,
475 3447 616 3516 destinati
641 3449 794 3525 districtus
808 3451 933 3517 luerunt
947 3451 970 3520 ⁵.

295 3596 512 3612 *a

336 3679 345 3712 ¹
362 3680 419 3732 tat.
442 3682 494 3733 ord.
517 3684 579 3735 lrtt.
594 3685 634 3748 ll,
651 3685 725 3751 xlll,
743 3686 804 3751 ΧΠ,
821 3688 884 3738 ΧΠ.
916 3693 966 3742 Art.
984 3692 1021 3759 X,
1039 3691 1276 3744 1ιι111ο1ι11ηιι1·

301 3773 470 3836 eigentbr'rnrer.

333 3864 345 3896 ¹
363 3867 412 3915 Lex
429 3866 458 3915 de
467 3867 601 3920 suadent.
619 3868 690 3936 pli,
706 3871 787 3921 lende
799 3874 853 3923 Bor.
871 3872 886 3943 p
901 3873 942 3940 11,
960 3877 1000 3925 lex
1017 3876 1047 3928 do
1064 3878 1152 3928 Ponet.
1170 3881 1184 3946 p
1202 3878 1243 3930 11.

335 3955 419 4009 'tad
437 3959 488 4009 ord.
505 3965 555 4012 tre
573 3960 641 4013 ¹111.

334 4049 346 4083 ⁸
362 4053 411 4103 tex
427 4054 456 4104 de
465 4056 599 4106 brendenb.
616 4056 681 4124 pli,
700 4058 798 4111 deltos.
817 4061 832 4128 ᾗ
848 4058 891 4125 11,
909 4061 1037 4115 dol’oarer.
1054 4063 1070 4134 §
1087 4064 1128 4129 ll,
1145 4065 1175 4116 de
1194 4067 1274 4119 llberr.

301 4160 338 4209 pr.
357 4143 428 4212 112,
446 4146 475 4196 ds
489 4147 596 4212 westph.
611 4150 626 4217 d
644 4149 690 4222 12,
709 4152 738 4202 de
756 4155 825 4202 Posn.
841 4153 908 4219 dli,
923 4155 953 4205 de
970 4155 1025 4207 Sar.
1043 4158 1058 4225 ᾗ
1075 4156 1116 4209 11.

335 4236 345 4268 ⁸
362 4237 459 4287 Ordiaat
485 4240 526 4288 eit.
544 4242 596 4289 Art·
617 4242 654 4292 11.
