2738 4740
585 450 648 514 238

141 642 261 696 coactus
281 641 335 697 est.
368 632 488 713 Quibus
507 632 600 717 igitur
623 631 757 714 subjecta
779 630 888 695 mansit
907 631 1035 698 Saxoma
1059 631 1099 698 ad

140 741 219 806 diem
243 763 340 829 usque
362 750 381 808 5
405 741 489 806 lunii
505 763 533 807 a.
554 745 658 824 1815,
679 762 742 826 quo
762 751 906 826 tempore,
920 764 1018 829 quum
1033 755 1101 831 post

139 856 248 920 multas
280 854 510 920 deliberationes
547 853 586 919 de
613 852 716 918 lutura
742 851 870 937 hujusce
897 865 993 922 terrae
1020 869 1100 922 sorte

138 969 338 1033 constitutum
362 967 480 1042 fuisset,
507 967 650 1030 amissum
682 987 733 1030 rex
752 966 915 1051 imperium
939 989 1100 1052 recupera·

138 1081 180 1144 rit
198 1081 221 1146 ¹.
267 1080 375 1164 Neque
403 1089 505 1141 umen
534 1079 794 1164 integraverunt
826 1077 952 1143 dimidio
982 1078 1101 1144 circiter

138 1202 279 1256 truncata
302 1191 423 1255 civitate
448 1190 561 1275 potitus
582 1201 641 1269 est;
664 1190 740 1275 quin
763 1189 811 1253 rel
836 1187 916 1255 hanc
940 1191 1102 1276 impetrare

138 1303 363 1380 conditionem,
401 1313 523 1388 propter
561 1302 747 1390 adjungendi
779 1303 954 1368 Borussicae
993 1302 1101 1368 ditioni

133 1414 296 1499 ,minutam
314 1415 486 1500 principum
506 1414 643 1482 Viennae
663 1413 885 1478 considentium
903 1415 1100 1494 voluntatem,

136 1526 250 1591 arduus
272 1527 300 1590 ei
320 1527 406 1591 labor
425 1528 586 1592 exstiterat.
618 1528 717 1609 Quale
736 1527 895 1592 consilium
913 1549 1009 1614 quum
1029 1550 1102 1614 per-

137 1659 232 1724 quam
260 1640 316 1704 sibi
339 1640 500 1725 displicere
531 1650 561 1703 et
590 1641 758 1704 multarum
778 1641 1003 1726 Europaearum
1024 1642 1101 1708 Ger·
1177 1619 1183 1633 ³

136 1749 389 1836 manicarumque
403 1751 559 1816 civitatum
577 1762 719 1828 rectores,
739 1761 769 1815 et
788 1752 1014 1818 Parlamentum
1033 1754 1101 1818 Bri-

136 1861 303 1939 tannicum,
329 1863 442 1948 etipse
464 1864 610 1929 Senoniae
631 1864 762 1949 populus
781 1875 886 1949 aperte
904 1867 1102 1954 animoseque

135 1973 362 2060 significassent,
376 1997 433 2040 nec
447 1997 508 2040 non
523 1976 661 2062 grieriter
677 1999 799 2042 causam
814 1998 899 2043 suam
912 1999 1101 2044 rnnnnnrons

134 2108 291 2151 anonsrus
319 2087 461 2151 oravisset
479 2087 505 2162 ²,
533 2089 667 2171 perlecta
694 2085 818 2170 quidem
848 2107 910 2150 non
940 2098 984 2151 est
1013 2089 1101 2177 regni

133 2197 272 2263 Saxonici
291 2197 462 2272 exstinctio,
473 2196 527 2260 sed
545 2197 672 2280 pristina
692 2197 757 2282 regi
776 2195 906 2282 dignitas
924 2197 1100 2274 instaurata,

134 2308 191 2375 hac
209 2329 281 2373 vero
298 2309 383 2392 lege,
407 2317 444 2369 ut
467 2307 579 2371 bonam
601 2317 749 2373 terrarum
772 2328 896 2373 suarum
918 2308 1098 2392 portionem,

134 2422 267 2488 circulos
298 2419 438 2484 videlicet
477 2419 746 2507 Vitebergensem,
788 2419 1031 2510 Thuringensem
1070 2433 1103 2488 et

133 2531 389 2609 Neostadensem,
413 2533 644 2618 episcopatuum
662 2534 916 2622 lderseborgensis
934 2546 965 2600 et
983 2537 1101 2603 Naum·

133 2646 293 2732 burgensis
314 2655 429 2731 partem
450 2646 617 2730 majorem,
634 2669 723 2735 agros
742 2648 889 2736 quosdam
908 2643 1099 2727 illisniens'es,

133 2758 297 2843 Lipsienses
315 2780 352 2823 ac
374 2757 641 2845 Voigtlandenses‚
664 2771 790 2824 cunctas
809 2760 943 2847 denique
963 2763 1100 2848 regiones

133 2893 195 2936 non
217 2872 442 2956 incorporatae,
466 2880 591 2956 excepta
607 2870 776 2955 Superioris
797 2872 938 2937 Lusaciae
960 2884 1100 2957 parte,a

132 2984 260 3048 Saxomrl
280 2982 431 3066 sejunctas
453 2983 627 3048 Borussicae
647 2985 768 3068 corpori
789 2984 915 3049 civitatis
935 2985 1100 3051 immisceri

131 3107 295 3179 pateretur.
341 3094 388 3158 Ad
407 3115 500 3180 quam
525 3093 751 3180 stipulationem
782 3097 908 3161 accessit
936 3117 987 3161 rex
1008 3097 1101 3161 Saxo·

133 3208 212 3285 niue,
231 3228 305 3292 pace
326 3206 401 3271 inita
426 3208 581 3284 Viennae,
601 3207 651 3271 die
677 3229 719 3274 m.
747 3208 816 3292 ldaji
847 3212 886 3274 18
911 3230 941 3273 a.
972 3212 1056 3275 1815
1075 3209 1098 3274 ³.

168 3464 175 3496 ¹
193 3467 284 3527 nens,
300 3466 358 3516 thid.
376 3484 400 3529 p.
417 3463 477 3528 328,
495 3463 559 3522 329;
578 3477 720 3529 nrnmosrn,
737 3466 798 3514 ibid.

164 3556 227 3607 ’De
251 3559 409 3609 nobilissimae
433 3558 533 3623 hujusce
556 3559 703 3621 quaestionis
726 3560 826 3622 agitatae
843 3557 942 3607 historit
959 3556 1100 3606 consulendi

130 3661 186 3701 sunt
209 3657 320 3714 neten,
344 3655 397 3703 lot.
415 3653 439 3702 d.
456 3654 533 3703 wien.
559 3651 642 3715 congr.
660 3651 687 3702 V.
704 3653 725 3713 l,
751 3652 790 3700 N'.
808 3649 835 3713 2,
852 3668 877 3714 p.
895 3647 921 3713 6,
942 3647 984 3710 ll,
1002 3649 1028 3698 V.
1046 3651 1098 3713 Vll,

134 3746 227 3806 passim
246 3751 338 3807 nonin,
355 3764 392 3810 op.
410 3747 429 3795 l.
447 3747 481 3808 ll,
492 3763 515 3809 p.
527 3744 586 3808 116,
605 3743 664 3806 167,
675 3761 728 3808 sqq.
741 3742 799 3806 180,
812 3760 864 3806 sqq.
877 3753 921 3792 ete.
940 3756 986 3791 ror
997 3755 1100 3807 stans,

132 3839 192 3886 llein
218 3839 314 3887 tnrheit
342 3855 371 3887 sn
397 3840 439 3887 der
463 3838 558 3887 Politik.
585 3835 672 3903 (1826)
697 3837 724 3885 V.
743 3837 776 3898 ll,
793 3837 891 3899 passim
916 3840 1004 3898 niteo,
1022 3854 1060 3900 op.
1078 3836 1097 3886 l.

132 3948 155 3992 p.
172 3930 316 3982 312-329.

165 4022 176 4054 ³
192 4027 298 4089 ltrfinnn,
317 4044 355 4090 op.
372 4042 393 4074 c.
411 4026 437 4074 t.
457 4025 495 4086 tt,
513 4043 535 4086 p.
548 4023 607 4084 120,
616 4039 669 4085 sqq.
686 4035 827 4085 maurosus,
842 4020 996 4089 §16‚p.tt;
1010 4029 1096 4085 norro,

135 4115 191 4163 ibid.
202 4134 223 4177 p.
234 4116 376 4167 aze-329.
410 4119 541 4178 Terrarum,
558 4117 646 4180 quihus
662 4115 761 4164 sedebat
770 4133 811 4165 rex
825 4115 951 4177 Senoniae,
968 4115 1096 4179 amplitudo
