2738 4740
667 452 727 515 157

209 629 292 695 omni
325 653 444 716 prorsus
481 630 584 719 rigore
616 631 851 698 destituerentur
873 645 926 699 aut
952 635 1069 701 nonnisi
1098 658 1170 702 cum

208 743 310 829 aliqua
331 745 550 830 temperatione
569 743 733 809 admissum
752 746 789 808 iri
810 745 1050 831 perhiberentur.
1084 750 1168 814 Post·

208 878 299 942 quam
320 860 413 935 enim,
431 856 463 921 d.
493 861 531 921 12
553 857 623 922 lun.
649 862 743 933 1818,
768 858 942 922 solemniter
965 856 1037 924 buic
1054 862 1170 926 circulo

206 967 400 1035 adnuntiatae
430 971 491 1056 legi
517 970 657 1055 publicae
688 970 849 1055 subjuncta
877 972 1014 1036 clausula
1044 972 1169 1050 luisset,

205 1079 343 1146 adhiberi
360 1103 427 1146 eam
446 1081 493 1146 isti
516 1082 633 1167 regioni
654 1083 699 1147 sic
717 1093 836 1147 tantum
850 1083 944 1147 licere
962 1093 1169 1167 temperatam,

206 1195 251 1256 uti
269 1195 460 1279 propriorum
479 1193 579 1259 eidem
602 1195 828 1273 institutorum,
848 1217 929 1282 quae
945 1197 1010 1281 ipsc
1029 1196 1101 1260 olim
1120 1218 1170 1260 res

205 1304 458 1386 confirmavisset,
490 1306 658 1371 necessario
685 1307 888 1391 postularetur
914 1307 1023 1373 maura
1040 1307 1064 1384 ¹,
1096 1306 1169 1373 d.5

206 1437 249 1480 m.
285 1415 412 1481 Octobr.
437 1421 539 1494 1818,
569 1416 642 1482 huic
670 1417 715 1481 rei
741 1417 915 1505 diligentius
941 1396 1170 1505 pertractandae

205 1549 318 1591 norum
343 1527 453 1613 prodiit
470 1528 627 1594 decretum
648 1530 785 1616 regium,
809 1531 899 1615 cujus
917 1530 963 1595 uti
982 1533 1100 1618 reliqua
1119 1553 1171 1596 ca·

205 1640 290 1723 pita,
322 1639 437 1724 quippe
457 1637 534 1704 nihil
554 1640 592 1705 ad
614 1652 750 1705 nostrum
771 1654 988 1727 argumentum
1012 1643 1168 1718 facientia,

205 1751 447 1834 praetermissuri
469 1772 589 1828 sumus,
611 1752 655 1817 sic
673 1773 778 1816 earum
795 1754 1015 1832 mutationum,
1038 1775 1114 1840 quas
1130 1754 1169 1817 de

204 1863 348 1927 facultate
365 1883 401 1928 ac
415 1862 524 1927 ritibus
540 1862 741 1928 mandatarios
758 1863 791 1929 ia
806 1876 991 1931 conventum
1005 1866 1166 1952 publicum

203 1973 363 2060 ablegandi
390 1975 592 2050 continuerit,
623 1974 771 2040 rationem
803 1975 932 2055 babere,
965 1979 1166 2044 necessarium

202 2085 353 2153 ducimus.
404 2086 493 2168 Quod
523 2086 649 2173 quidem
675 2089 720 2153 sic
747 2089 1029 2154 convenientissime
1058 2090 1167 2155 lieris

202 2199 289 2264 nobis
310 2221 396 2284 posse
419 2198 641 2276 existimamus,
670 2199 696 2262 si
724 2199 756 2263 in
786 2199 974 2284 singularum
993 2203 1168 2288 argumenti

238 2459 244 2492 ¹
265 2461 309 2508 slis
325 2460 360 2508 aei
375 2459 416 2507 der
433 2460 612 2510 ausdrdokliolse
628 2459 762 2524 toaigtiots
780 2459 861 2522 wille,
882 2459 936 2509 dass
952 2461 990 2510 die
1008 2461 1165 2527 lollsiehnng

201 2553 242 2601 der
254 2549 452 2615 lerlsasunghier
466 2570 512 2601 nur
523 2552 564 2602 mit
578 2553 623 2601 den
642 2552 829 2602 llodilieationera
844 2553 975 2617 gesebehen
988 2556 1058 2618 ande,
1074 2555 1165 2630 pelche

200 2645 239 2693 die
251 2644 409 2694 bestebenden
423 2644 569 2694 besonderen
586 2623 755 2694 institutionen
767 2645 943 2696 erlorderteu.”
968 2649 1019 2713 Quo
1030 2649 1092 2698 enim
1105 2659 1165 2698 tena-

200 2755 256 2802 pore
270 2739 364 2787 Francia
385 2737 443 2788 haee
459 2738 524 2802 regio
544 2737 730 2787 moderatoribus
746 2748 860 2802 uteretur,
879 2740 953 2788 multa
974 2740 1026 2788 illio
1041 2742 1164 2792 sdmodnnr

200 2831 352 2894 probabiliter
376 2831 484 2880 institute
506 2831 612 2891 luerunt,
629 2846 691 2893 quae
708 2846 759 2878 cnm
775 2830 861 2894 insigni
879 2832 943 2879 cirea
956 2832 1067 2894 prosequi
1084 2833 1164 2882 lavore

200 2923 349 2986 didicissent,
367 2933 407 2971 aut
429 2923 514 2972 tollere
537 2939 565 2972 ea
585 2932 628 2971 sut
650 2923 769 2984 minuere,
788 2932 960 2985 praeposterum
976 2923 1165 2988 invidiosumque

147 3065 150 3070 ,
199 3016 330 3066 ridebatur.
364 3014 506 3079 spectabant
522 3015 581 3065 lsaeo
597 3016 721 3078 imprimis:
739 3015 885 3078 singulorum
902 3015 1021 3064 bominum
1032 3017 1164 3066 libertatem

199 3125 228 3157 so
255 3108 402 3157 maritatem
428 3108 612 3171 custodiendsm,
634 3109 724 3173 jurium
755 3108 863 3157 omnibus
893 3108 1024 3158 incolarum
1049 3110 1164 3160 classilsus

199 3201 362 3252 vindicandam
385 3202 585 3265 aequabilitstem,
608 3203 671 3252 nude
693 3204 781 3251 laetum
799 3211 825 3251 ut
842 3201 963 3251 nobilibus
979 3203 1047 3251 nulla
1064 3205 1165 3269 amplius

198 3295 320 3359 privilegia
348 3295 514 3357 tribuerentur,
541 3295 570 3343 ad
597 3295 689 3361 opificia
711 3295 833 3344 tractanda
857 3296 959 3344 omnium
977 3297 1097 3359 aequabili
1109 3300 1164 3361 jure

198 3387 316 3437 delinitam
334 3387 505 3452 admissionem,
522 3390 652 3454 sejunctum
669 3389 701 3437 sb
717 3390 767 3453 ipsa
784 3390 818 3437 rei
836 3390 944 3453 publicae
963 3389 1164 3440 administratione

192 3481 256 3545 juris
272 3479 369 3528 monadi
386 3481 494 3543 odicium,
511 3497 634 3530 consessus
648 3479 814 3545 juridicundo
834 3482 924 3531 civibus
939 3481 1090 3531 audientibus
1104 3482 1164 3530 obe-

197 3574 288 3635 uadps,
314 3591 355 3638 per
378 3574 477 3622 selectos
490 3576 630 3638 juratoeqne
647 3574 711 3623 uires
731 3590 814 3623 oansas
832 3574 965 3624 criminales
981 3574 1163 3638 persequendas,

197 3669 228 3718 ab
244 3670 307 3718 omni
330 3685 408 3717 rernm
429 3669 578 3731 profanarum
601 3650 741 3717 tractetioue
766 3668 899 3731 pontificios
924 3668 1030 3718 tonus·
1052 3678 1162 3729 remotos,

197 3760 344 3811 decumarum
366 3762 469 3824 denique
489 3777 533 3810 saec
551 3778 599 3810 uon
616 3770 761 3810 aetermam
786 3760 915 3811 leudalium
936 3779 1033 3811 onerum
1049 3762 1162 3813 sancitam

196 3851 377 3916 abrogationem.
395 3853 446 3902 lid.
462 3851 600 3903 omninode
617 3851 655 3901 laia
667 3853 779 3902 llararim
796 3852 924 3901 lllsanauae
939 3851 1056 3903 institutis
1074 3853 1161 3905 editum

196 3962 211 3993 ι
229 3959 250 3994 c.
272 3959 318 3995 ros
340 3959 444 3996 aorrscs
460 3955 484 3995 et
509 3958 532 3993 c.
555 3957 684 4006 urucam,
707 3945 810 3994 ledeos
832 3946 956 3995 Potiaienn
977 3946 1161 4015 (staatslexilou

196 4037 253 4087 oder
271 4039 438 4102 llncpelop'a‘die
456 4037 498 4086 der
514 4035 794 4105 Stastawissensohslteu)
809 4038 834 4085 iu
852 4055 875 4087 r.
886 4037 969 4086 llaiarn
980 4036 1078 4106 illlseiu)
1089 4039 1113 4087 l.
1128 4040 1161 4102 ll,

197 4148 220 4192 p.
240 4126 297 4191 160,
315 4147 367 4194 sqq.
