2738 4740
653 455 717 517 279

205 633 237 724 6)
252 636 403 722 equitatus
426 637 543 724 legatis,
560 638 593 701 in
613 638 806 725 singulorum
824 653 1033 709 conventuum
1050 655 1170 730 tenipus

205 749 361 837 eligendis,
379 749 437 817 hac
456 749 581 836 quidem
602 752 796 837 proportione
814 763 850 817 ut
866 754 1002 819 venient:

290 886 346 950 pro
368 863 505 951 equitatu
524 864 1027 954 catenbnrgennurnbenhagensi
1049 873 1082 944 8,

290 996 346 1061 pro
366 975 596 1063 Luueburgensi
619 1025 1023 1047 .............
1047 983 1079 1055 7,

291 1107 347 1172 pro
368 1087 523 1151 Bremensi
539 1087 732 1155 aoVerdensi
755 1139 1026 1158 .........
1050 1096 1081 1167 6,

290 1219 346 1285 pro
367 1199 499 1285 lloyeusi
513 1222 551 1265 ao
573 1199 797 1285 Dieplsnltaensi
820 1249 1026 1270 .......
1050 1205 1082 1278 3,

290 1333 346 1397 pro
366 1312 612 1401 Osuabruckensi
620 1359 1027 1382 .............
1052 1321 1082 1390 5,

289 1446 345 1508 pro
366 1423 607 1490 Hildcshemensi
622 1475 1026 1494 .............
1051 1431 1082 1503 l.

288 1558 343 1621 pro
365 1529 516 1602 Orientali
537 1535 677 1603 Frisiensi
680 1585 1027 1605 ...........
1053 1541 1083 1618 2;

203 1647 236 1736 7)
244 1660 374 1734 quatuor
383 1649 470 1714 sociis
479 1651 523 1715 sic
533 1672 550 1716 a
561 1671 633 1736 rege
641 1651 803 1716 nominatis
815 1662 850 1715 ut
860 1673 967 1716 eorum
978 1673 1058 1716 unus
1072 1650 1172 1717 donec

201 1763 337 1828 uicturus
355 1763 393 1826 sit
406 1784 518 1827 munus
527 1763 608 1828 istud
620 1765 753 1828 retinere
765 1763 924 1847 jubeatur,
939 1763 1036 1829 tribus
1048 1762 1173 1850 reliquis

200 1875 231 1938 in
249 1886 366 1960 tempus
385 1875 538 1941 concionis
555 1874 663 1941 eadem
680 1875 811 1962 dignitas
832 1876 1018 1942 attribuatur
1030 1877 1053 1943 ¹.
1076 1878 1172 1943 Panes

200 2010 304 2075 regem
323 2000 478 2074 praeterea
497 1990 581 2055 omni
600 2000 737 2076 tempore
749 1990 803 2073 jus
819 2001 863 2055 ast
880 1989 1016 2077 suffragii
1035 1987 1172 2053 haeredi-

200 2101 267 2166 tarii
276 2102 454 2167 facultatem
464 2103 627 2185 majolatus
639 2102 799 2185 possessori
809 2101 939 2184 alicujus
949 2099 1136 2164 attribuendi
1147 2099 1174 2165 ².

243 2214 328 2278 Alter
349 2235 421 2277 sero
447 2223 552 2277 coetus
578 2213 763 2297 compositus
796 2222 841 2276 est
864 2206 954 2276 'sociis
978 2212 1012 2276 in
1037 2212 1174 2298 singular
1247 2243 1252 2258 ·

199 2335 366 2390 conventus
395 2324 559 2411 eligendis,
584 2322 642 2389 hac
675 2322 808 2401 ratione,
843 2335 877 2389 ut
907 2334 973 2389 tum
999 2323 1173 2410 pontificius

199 2425 273 2503 ordo
294 2448 360 2502 tum
386 2439 520 2502 urbanus
548 2449 616 2501 tum
637 2434 826 2502 eruditorum
845 2436 979 2502 virorum
1007 2446 1074 2502 tum
1104 2458 1171 2503 rus·

199 2550 276 2616 ticus
293 2549 406 2637 singuli
421 2571 489 2614 suos
510 2548 643 2614 habeant
665 2549 791 2636 legatos.

241 2664 287 2729 Ad
308 2662 500 2748 pontificium
523 2673 618 2748 atqua
641 2661 810 2730 antistitum
836 2660 974 2726 ordinem
995 2662 1170 2746 pertinent:

200 2777 231 2859 ll
264 2787 324 2841 tres
354 2774 448 2862 legati
474 2775 679 2859 capitulorum
700 2775 749 2840 8¹³.
774 2771 922 2839 Bonilacii
943 2773 1173 2857 llameluensis‚

196 2888 400 2953 Cosmaeensis
417 2896 448 2949 et
463 2885 684 2950 Damianiensis
703 2885 736 2951 iu
747 2884 825 2950 urbe
832 2883 1005 2961 Wunstorf,
1020 2885 1069 2951 Sl.
1080 2885 1171 2949 Alor-

197 2999 284 3066 audri
301 3011 332 3063 et
350 2999 462 3062 Beatw
480 2995 590 3062 Mariae
604 2995 741 3083 Virginis
757 2994 1033 3074 Einbectsnsiun
1052 2996 1170 3081 cupitu-

198 3113 299 3176 lorum
318 3111 454 3196 deniquo
481 3109 745 3175 Bardorriekensis
768 3121 799 3173 et
824 3108 1092 3177 Ramelslohensis:
1115 3112 1170 3197 qui

196 3224 298 3312 legati,
316 3225 356 3290 ab
378 3223 462 3289 hisce
477 3225 629 3309 capitulis,
644 3223 702 3288 sub
716 3223 839 3308 majoris
853 3223 966 3288 ordinis
986 3223 1169 3290 clericorum

197 3350 228 3403 et
248 3340 499 3405 concionatorum
514 3337 735 3418 moderamine,
752 3359 793 3405 ex
816 3336 1051 3404 Protestantium
1069 3339 1171 3403 eccle·

197 3452 384 3516 siasticorum
402 3472 532 3516 numero
550 3462 604 3518 aut
626 3472 732 3516 eorum
754 3451 900 3530 sitorum,
912 3472 1007 3536 panes
1025 3470 1103 3536 quos
1118 3471 1169 3513 su-

195 3565 322 3651 perioris
342 3566 386 3629 rei
412 3564 607 3631 scholasticae
627 3587 701 3631 curu
727 3565 775 3643 sit,
795 3563 840 3630 ric
860 3563 994 3651 eligendi
1011 3562 1168 3640 dicuntur,

196 3687 231 3740 ut
260 3677 293 3741 in
323 3678 383 3741 illis
413 3677 476 3742 duo
506 3678 544 3743 ad
577 3679 739 3744 minimum
770 3677 941 3744 habeantur
961 3676 1020 3742 rito
1039 3675 1167 3741 ordinati

195 3792 397 3857 Protestantes
424 3791 594 3878 pontilicii3
619 3796 651 3876 2)
670 3802 730 3857 tres
749 3791 845 3868 socii,
865 3813 884 3857 a
906 3811 997 3878 rego,
1018 3791 1169 3876 pecuniae

196 3905 384 3970 monasteriis
419 3904 584 3971 destinatae
608 3906 696 3971 titulo
730 3905 849 3995 (aegon
882 3903 935 3969 dea
963 3904 1166 3992 allgemoinen

231 4137 238 4168 ¹
256 4138 316 4187 ssu.
334 4138 348 4205 a
365 4138 410 4189 ss.
734 4139 745 4172 ⁸
764 4139 823 4189 rua.
840 4139 855 4209 a
870 4138 912 4189 sa.
