2738 4740
609 442 647 502 17

137 616 284 703 perimus,
301 617 463 707 diligenter
474 641 540 685 sese
555 632 723 687 servaturos
740 644 956 714 quaecumque
972 628 1034 694 sire
1047 627 1103 716 ipsi

136 733 197 796 sire
216 731 343 817 majores
371 731 417 795 sui
439 743 506 797 tum
531 732 689 799 ordinibus
708 745 775 800 tum
798 738 968 825 unicuique
988 743 1102 808 civium

135 847 234 935 largiti
244 848 316 933 jura
332 847 553 935 privilegiaque
566 847 722 912 suisseut1:
738 858 989 933 propterarctusu
999 863 1102 918 autem

132 960 301 1036 vinculum,
321 958 494 1047 quodcum
516 980 662 1048 agrorum
686 957 823 1023 dominio
843 980 973 1046 magnae
991 961 1102 1028 borum

133 1072 363 1159 privilegiorum
383 1074 462 1157 parti
481 1071 706 1151 intercedebat,
722 1070 804 1137 baud
824 1093 892 1137 raro
911 1073 1002 1137 ctiam
1021 1078 1103 1141 acci·

35 1198 39 1207 ’
132 1184 227 1262 disse,
257 1196 292 1249 ut
315 1184 433 1251 hancce
462 1185 715 1272 pollicitationem
741 1185 862 1251 ordines
884 1186 1102 1272 impetrarent,

134 1298 261 1362 minime
280 1319 439 1383 passurum
467 1298 656 1384 principem,
689 1309 723 1361 ut
743 1320 911 1385 agrorum,
937 1321 999 1386 quo
1019 1301 1102 1386 quis-

133 1431 197 1495 que
223 1419 363 1473 uteretur
398 1408 568 1474 dominium
603 1408 832 1496 pendentiaque
865 1409 938 1475 inde
966 1411 1038 1496 jura
1066 1435 1103 1479 ac

133 1522 294 1610 privilegia
323 1522 388 1586 utta
416 1523 532 1587 rationo
552 1523 736 1588 violarentur
764 1524 788 1589 ².
831 1524 970 1590 Diximus
998 1537 1102 1591 autem

133 1657 221 1721 supra
239 1635 402 1722 diligenter
415 1638 479 1701 lere
497 1636 615 1701 ordines
639 1637 810 1702 carendum
834 1638 893 1702 sibi
907 1639 1100 1718 existimasse,

131 1771 172 1814 ne
188 1749 293 1836 aliqud
313 1751 360 1814 sui
378 1760 480 1835 parte,
494 1771 712 1838 quamcunque
730 1751 769 1817 ob
786 1774 919 1831 causam,
936 1775 982 1817 ras
996 1755 1100 1840 publi·

129 1884 165 1927 ca
192 1862 385 1948 spoliaretur:
415 1862 506 1928 facile
527 1861 622 1950 igitur
641 1863 714 1929 inda
742 1864 887 1950 produxit
908 1864 1099 1933 vindicatum

127 1976 167 2041 ab
181 1974 217 2038 iis
228 1975 307 2060 juris
317 1975 433 2061 publici
446 1987 655 2062 praeceptum,
669 1977 764 2062 ipsam
776 2000 816 2043 ne
827 1977 953 2044 distrahi
968 1981 1013 2045 sas
1023 1994 1099 2047 esset

127 2090 296 2165 civitatem,
309 2111 367 2155 nec
384 2091 519 2175 partium
538 2091 604 2175 ejus
619 2091 832 2178 cujuscunque
847 2093 967 2179 generis
982 2094 1097 2160 aliena-

129 2203 243 2268 tionem
264 2204 380 2290 absque
406 2202 549 2268 ordinum
568 2205 749 2269 auctoritate
766 2204 877 2288 suscipi
888 2204 911 2271 ³.
932 2204 1038 2270 Eidem
1046 2229 1100 2271 su·

128 2328 190 2382 tem
213 2316 338 2382 consilio
352 2316 556 2402 prospiciendi
574 2327 609 2381 ut
628 2339 707 2395 una,
727 2328 878 2403 quantum
897 2317 962 2382 fieri
983 2330 1099 2404 posset,
1140 2314 1144 2319 ²

127 2430 231 2497 civitas
241 2443 380 2496 maneret
390 2451 493 2517 neque
502 2431 535 2495 in
549 2431 645 2496 varias
656 2441 757 2516 partes
768 2430 1010 2519 distringeretur,
1021 2431 1099 2497 illud

127 2545 506 2622 etiamdebuitinseraire,
524 2545 623 2632 quod,
642 2544 859 2630 imperantium
881 2543 1099 2611 convenienter

125 2657 389 2735 declarationibus,
404 2658 522 2743 quoties
533 2658 614 2721 iuter
624 2658 738 2743 plures,
751 2657 844 2721 simili
850 2658 932 2743 jura,
945 2657 1096 2745 principes

126 2772 266 2837 obortum
290 2770 446 2835 dissidium
473 2770 596 2848 luisset,
627 2770 697 2835 solis
725 2768 882 2834 ordinibus
908 2780 1096 2856 competeret

125 2886 308 2950 arbitrorum
325 2886 361 2949 ed
381 2886 414 2949 in
434 2884 487 2948 lite
505 2905 651 2971 peragere
663 2883 807 2959 officium,
819 2884 930 2947 autrel
942 2905 1026 2960 eum,
1042 2884 1094 2947 cui

125 2999 273 3083 potiorem
297 3002 360 3062 esse
376 2998 454 3083 juris
477 2996 683 3063 conditionem
706 2994 926 3071 existimarent,
951 2995 1094 3079 praestito

126 3121 231 3175 contra
252 3110 332 3174 male
352 3110 379 3174 ei
399 3109 608 3175 adversantem
633 3108 756 3183 auxilio,
781 3107 961 3171 confirmare
980 3107 1004 3173 l.
1033 3108 1093 3172 Sed

125 3224 267 3289 omnibus
286 3223 322 3289 iis
343 3224 514 3289 memoratis
533 3222 676 3289 ordinum
692 3220 814 3306 juribus
833 3232 927 3307 utque
944 3222 1093 3286 facultati·

159 3488 165 3517 ¹
185 3486 317 3548 Braurona,
335 3485 353 3534 1.
364 3485 382 3534 1.
397 3484 454 3534 itia
472 3486 512 3535 tt⁰.
530 3485 556 3547 4,
575 3481 660 3549 ω11.4
679 3481 746 3543 tlt,
768 3498 791 3543 p.
811 3476 871 3541 148,
897 3480 937 3529 Ns.
955 3477 981 3541 3,
999 3478 1013 3545 4
1031 3476 1081 3529 423

121 3590 171 3631 not.
187 3597 208 3638 ος
227 3585 370 3642 numeru,
385 3578 431 3628 l.l.
449 3596 472 3641 p.
489 3574 550 3638 663,
568 3577 593 3624 in
611 3577 629 3623 l.

155 3674 258 3738 ²ldear,
275 3674 333 3724 ibid.
344 3674 387 3724 ll0.
395 3671 421 3735 3,
437 3669 519 3735 eoll.§
536 3669 596 3719 415.

154 3769 258 3832 sstem,
275 3768 334 3818 ibid.
352 3765 426 3817 rt⁰.6
447 3775 472 3815 et
490 3774 541 3814 not.
559 3782 591 3826 m,
613 3762 694 3829 eolld
711 3760 772 3824 414,
790 3779 813 3825 p.
828 3759 888 3823 147,
905 3757 979 3823 1141,
998 3759 1012 3826 4
1029 3758 1089 3826 423,

38 3874 41 3885 ·
119 3871 170 3912 not.
195 3878 223 3925 a,
247 3858 346 3928 4424,
373 3877 397 3923 p.
420 3856 486 3917 2233
510 3869 625 3918 muron,
650 3855 768 3939 ⁰⁰.sm'
792 3854 859 3904 Pras.
877 3852 938 3916 orig.
961 3852 1034 3919 417,
1052 3871 1089 3916 sq.

119 3967 202 4018 nom,
227 3953 277 4003 lon
301 3953 343 4001 der
364 3951 477 4001 Deuucb.
503 3948 662 3999 Untertbrneu
687 3947 793 3997 Rechten
818 3966 842 3997 ιι,
861 3944 983 4008 Pdiobten,
1001 3946 1047 3993 nt.
1065 3956 1089 3994 et

119 4048 184 4111 bipa.
202 4045 278 4109 1774,
295 4063 319 4109 p.
339 4043 399 4107 103,
417 4063 454 4107 sq.

155 4140 257 4189 *lolem
275 4139 333 4187 ibid.
352 4139 391 4188 Nl.
411 4136 435 4186 7.

936 4230 955 4289 2
