2738 4740
822 458 885 522 288

365 639 491 724 persoud
527 659 711 704 concurrere
740 661 863 703 necesse
894 650 956 716 est,
990 650 1088 704 aetate
1124 643 1337 708 tantummodo

364 749 533 814 sufficiente
549 750 656 833 majori
674 761 708 814 ut
727 749 765 814 ad
787 750 943 815 electionis
973 751 1043 835 quis
1069 751 1213 818 officium
1239 755 1336 820 admo

364 873 470 926 rentur
485 862 508 927 ¹.
531 862 741 926 Praesentibus
761 861 878 926 duobus
898 863 993 926 tertiis
1005 863 1181 928 electorum
1192 868 1335 950 partibus,
1352 855 1356 866 '

365 987 427 1039 rata
450 976 606 1040 electionis
626 974 831 1040 instituendae
856 975 1064 1061 opportunitas
1089 974 1238 1046 habetur.
1275 982 1334 1045 llou

363 1094 465 1152 iuteru
487 1087 557 1152 licet
565 1088 617 1171 jus
638 1087 729 1162 illud,
751 1087 872 1174 dequo
892 1087 1022 1173 agimus,
1039 1108 1096 1172 per
1108 1089 1334 1155 mandatarium

364 1201 515 1275 exerceri,
536 1200 594 1263 nisi
612 1200 659 1265 illi
673 1199 808 1277 electori,
820 1201 871 1265 cui
882 1222 994 1264 munus
1004 1200 1164 1285 quoddam
1175 1204 1332 1288 publicum

362 1311 580 1398 impedimento
600 1312 763 1389 exstiterit,
787 1333 851 1397 quo
878 1312 978 1377 miuus
1007 1312 1045 1377 ad
1075 1324 1203 1379 coetum
1224 1317 1332 1382 electo·

364 1447 433 1490 rum
452 1446 516 1488 seso
534 1423 685 1490 conferret
695 1423 719 1490 ².

406 1539 506 1620 Quam
543 1547 645 1601 autem
680 1538 884 1623 plurimorum
914 1538 1050 1601 tulerunt
1080 1538 1246 1627 suffragia,
1275 1554 1330 1604 rata

362 1652 471 1717 electio
488 1649 677 1728 habetur,ita
697 1661 747 1725 ut,
766 1651 904 1714 omnium
927 1649 1160 1736 suffragiorum,
1183 1662 1330 1740 quotquot

362 1764 441 1828 edita
462 1764 594 1839 luerint,
616 1763 723 1827 tertiae
745 1764 837 1848 partis
858 1784 1041 1828 concursum
1073 1763 1225 1829 exstitisse
1248 1788 1331 1851 opor-

362 1888 432 1942 tent.
469 1875 559 1957 Quod
578 1876 677 1960 ipsum
697 1872 778 1939 houd
796 1874 962 1960 requiritur
983 1877 1014 1939 in
1032 1875 1248 1962 designatione
1258 1879 1330 1943 eleo-

361 1999 481 2064 torum,
508 1986 677 2052 secundum
705 1990 782 2081 m.-
801 1989 862 2075 leg.
881 1988 1072 2053 fundament.
1092 1991 1168 2054 140.
1209 1991 1242 2054 Si
1268 2013 1331 2056 sero

361 2102 423 2166 duo
453 2102 533 2166 cives
560 2101 625 2186 pari
644 2101 858 2188 suffragiorum
878 2121 1007 2165 numero
1026 2100 1180 2187 designati
1207 2103 1330 2178 luerint,

360 2214 508 2298 majorem
528 2224 602 2278 natu
624 2235 680 2300 pro
702 2213 800 2279 electo
825 2212 930 2278 haberi
957 2212 1004 2276 lex
1019 2212 1126 2296 jubet;
1147 2226 1248 2280 semet
1266 2236 1330 2279 roro

360 2326 459 2411 ipsum
478 2325 622 2412 suffragio
638 2347 694 2389 suo
714 2324 873 2412 designare
890 2325 962 2390 licet
979 2324 1095 2389 nemini
1115 2324 1138 2391 ³.

403 2437 603 2524 Quicumque
635 2437 667 2500 in
694 2437 833 2521 pluribus
862 2435 986 2501 circulis
1014 2435 1186 2519 pendendis
1218 2437 1329 2502 tributis

358 2549 525 2634 adscriptus
551 2560 595 2613 est
625 2560 782 2634 tamquam
804 2549 955 2615 nobilium
982 2548 1137 2612 bonorum
1166 2517 1328 2635 possessis,

359 2672 412 2726 aut
433 2673 591 2747 tamquam
608 2662 769 2746 municeps
793 2660 932 2746 pluribus
950 2661 983 2724 in
1002 2662 1328 2741 communitatibus,in

359 2773 466 2859 quovis
488 2795 593 2838 eorum
623 2784 678 2839 aut
708 2773 895 2839 circulorum
920 2781 974 2836 aut
999 2774 1259 2840 communionum
1281 2777 1328 2860 jus

359 2908 449 2950 suum
469 2908 610 2952 exercere
629 2898 727 2972 potest
743 2886 768 2952 ⁴.

402 3001 486 3065 Licet
505 3021 591 3075 sero,
619 3010 654 3062 ut
673 3000 742 3084 quis
762 2997 910 3085 eligendis
930 2998 1037 3084 legatis
1058 2999 1206 3063 constitui
1225 3002 1327 3086 possit,

359 3134 394 3175 ea
419 3123 538 3176 tantum
565 3113 779 3198 requirantur,
803 3131 882 3197 quae
907 3131 1017 3195 supra,
1041 3131 1140 3195 quum
1163 3110 1203 3175 de
1227 3114 1330 3200 legatis

359 3235 435 3288 esset
447 3245 570 3303 sermo,
599 3221 884 3298 memorarerimns,
908 3231 987 3286 vetat
1007 3232 1109 3286 tamen
1130 3222 1178 3287 lex
1198 3227 1329 3309 publica,

359 3336 525 3422 quominus
543 3335 657 3401 civium
670 3334 782 3420 aliquis
799 3334 851 3397 illu
865 3335 896 3398 in
910 3333 1066 3418 provincii
1089 3334 1261 3423 (districtu)
1281 3341 1329 3404 ubi

359 3449 494 3536 aliquam
533 3448 744 3513 auctoritatem
782 3446 939 3531 publicam
972 3459 1129 3523 exerceat,
1162 3459 1198 3512 ut
1232 3473 1331 3539 neque

360 3563 464 3629 clerici
492 3560 582 3625 iniis
607 3560 697 3645 ipsis,
724 3581 800 3645 quas
821 3559 972 3635 incolant,
998 3559 1161 3625 electoriae
1190 3563 1330 3651 dignitati

281 3681 287 3691 ’
359 3676 668 3753 admoveantur3tum
685 3673 775 3737 etiam
795 3672 973 3758 quominus
992 3673 1186 3740 lactnmaliis
1207 3678 1242 3743 in
1263 3679 1331 3745 locis

237 3840 242 3851 .
360 3800 412 3855 aut
431 3785 611 3853 buliratibus
638 3785 684 3851 sui
715 3784 955 3873 designationem
979 3795 1073 3851 ratam
1099 3786 1237 3855 habeant
1261 3794 1330 3858 citra

355 3972 381 3979 ..
386 3967 556 3977 ...-.--—-=

397 4056 403 4088 ¹
423 4056 512 4120 rurus
532 4051 590 4102 1⁴2.
909 4054 997 4102 ἰωὰ.
1015 4053 1029 4120 p
1048 4053 1106 4104 ras.

397 4146 407 4178 ³
424 4147 483 4196 rota.
500 4148 513 4213 q
532 4143 589 4194 trs.
911 4144 997 4194 troia.
1016 4146 1029 4211 o
1049 4144 1107 4196 trs.
