<?xml version="1.0" encoding="UTF-8"?>
<!DOCTYPE html PUBLIC "-//W3C//DTD XHTML 1.0 Transitional//EN"
    "http://www.w3.org/TR/xhtml1/DTD/xhtml1-transitional.dtd">
<html xmlns="http://www.w3.org/1999/xhtml" xml:lang="en" lang="en">
 <head>
  <title>
</title>
<meta http-equiv="Content-Type" content="text/html;charset=utf-8" />
  <meta name='ocr-system' content='tesseract 3.04.00' />
  <meta name='ocr-capabilities' content='ocr_page ocr_carea ocr_par ocr_line ocrx_word'/>
</head>
<body>
  <div class='ocr_page' id='page_1' title='image "./specimenjurispu00backgoog_0057.png"; bbox 0 0 2738 4740; ppageno 0'>
   <div class='ocr_carea' id='block_1_1' title="bbox 759 500 801 561">
    <p class='ocr_par' dir='ltr' id='par_1_1' title="bbox 759 500 801 561">
     <span class='ocr_line' id='line_1_1' title="bbox 759 500 801 561; baseline -0.024 0"><span class='ocrx_word' id='word_1_1' title='bbox 759 500 801 561; x_wconf 76' lang='lat' dir='ltr'><strong>at</strong></span> 
     </span>
    </p>
   </div>
   <div class='ocr_carea' id='block_1_2' title="bbox 177 661 1284 4272">
    <p class='ocr_par' dir='ltr' id='par_1_2' title="bbox 177 661 1284 4272">
     <span class='ocr_line' id='line_1_2' title="bbox 282 661 1263 769; baseline 0.001 -21"><span class='ocrx_word' id='word_1_2' title='bbox 282 661 319 749; x_wconf 26' lang='lat' dir='ltr'><strong>&#39;et</strong></span> <span class='ocrx_word' id='word_1_3' title='bbox 345 685 465 762; x_wconf 90' lang='lat' dir='ltr'><strong>olliciis,</strong></span> <span class='ocrx_word' id='word_1_4' title='bbox 488 695 553 748; x_wconf 88' lang='lat' dir='ltr'><strong>turn</strong></span> <span class='ocrx_word' id='word_1_5' title='bbox 582 682 621 749; x_wconf 92' lang='lat' dir='ltr'><strong>de</strong></span> <span class='ocrx_word' id='word_1_6' title='bbox 645 686 702 748; x_wconf 91' lang='lat' dir='ltr'><strong>rite</strong></span> <span class='ocrx_word' id='word_1_7' title='bbox 723 681 932 748; x_wconf 89' lang='lat' dir='ltr'><strong>distribuenda</strong></span> <span class='ocrx_word' id='word_1_8' title='bbox 956 693 1121 769; x_wconf 71' lang='lat' dir='ltr'><strong>potestate,</strong></span> <span class='ocrx_word' id='word_1_9' title='bbox 1145 686 1263 750; x_wconf 91' lang='lat' dir='ltr'><strong>ratione</strong></span> 
     </span>
     <span class='ocr_line' id='line_1_3' title="bbox 287 793 1262 884; baseline -0.001 -22"><span class='ocrx_word' id='word_1_10' title='bbox 287 796 422 884; x_wconf 90' lang='lat' dir='ltr'><strong>denique</strong></span> <span class='ocrx_word' id='word_1_11' title='bbox 456 797 499 862; x_wconf 92' lang='lat' dir='ltr'><strong>rei</strong></span> <span class='ocrx_word' id='word_1_12' title='bbox 524 794 668 880; x_wconf 90' lang='lat' dir='ltr'><strong>publicae</strong></span> <span class='ocrx_word' id='word_1_13' title='bbox 699 793 917 883; x_wconf 78' lang='lat' dir='ltr'><strong>gubernandae</strong></span> <span class='ocrx_word' id='word_1_14' title='bbox 948 796 1126 874; x_wconf 88' lang='lat' dir='ltr'><strong>utilissima,</strong></span> <span class='ocrx_word' id='word_1_15' title='bbox 1150 818 1262 883; x_wconf 89' lang='lat' dir='ltr'><strong>quaro-</strong></span> 
     </span>
     <span class='ocr_line' id='line_1_4' title="bbox 286 908 1263 998; baseline -0.001 -23"><span class='ocrx_word' id='word_1_16' title='bbox 286 932 380 998; x_wconf 87' lang='lat' dir='ltr'><strong>quam</strong></span> <span class='ocrx_word' id='word_1_17' title='bbox 407 931 509 997; x_wconf 89' lang='lat' dir='ltr'><strong>neque</strong></span> <span class='ocrx_word' id='word_1_18' title='bbox 529 909 603 973; x_wconf 91' lang='lat' dir='ltr'><strong>olim</strong></span> <span class='ocrx_word' id='word_1_19' title='bbox 624 910 685 973; x_wconf 90' lang='lat' dir='ltr'><strong>suis</strong></span> <span class='ocrx_word' id='word_1_20' title='bbox 708 908 921 974; x_wconf 83' lang='lat' dir='ltr'><strong>defensoribus</strong></span> <span class='ocrx_word' id='word_1_21' title='bbox 949 919 1134 986; x_wconf 86' lang='lat' dir='ltr'><strong>caruerunt,</strong></span> <span class='ocrx_word' id='word_1_22' title='bbox 1154 908 1263 974; x_wconf 90' lang='lat' dir='ltr'><strong>studiis</strong></span> 
     </span>
     <span class='ocr_line' id='line_1_5' title="bbox 284 1020 1260 1112; baseline 0 -25"><span class='ocrx_word' id='word_1_23' title='bbox 284 1033 387 1088; x_wconf 90' lang='lat' dir='ltr'><strong>tamen</strong></span> <span class='ocrx_word' id='word_1_24' title='bbox 424 1023 616 1112; x_wconf 86' lang='lat' dir='ltr'><strong>potissimum</strong></span> <span class='ocrx_word' id='word_1_25' title='bbox 645 1020 857 1087; x_wconf 87' lang='lat' dir='ltr'><strong>commendata</strong></span> <span class='ocrx_word' id='word_1_26' title='bbox 891 1021 1008 1086; x_wconf 84' lang='lat' dir='ltr'><strong>luerint</strong></span> <span class='ocrx_word' id='word_1_27' title='bbox 1034 1023 1260 1087; x_wconf 87' lang='lat' dir='ltr'><strong>recentiorum:</strong></span> 
     </span>
     <span class='ocr_line' id='line_1_6' title="bbox 283 1133 1261 1222; baseline 0.002 -23"><span class='ocrx_word' id='word_1_28' title='bbox 283 1136 325 1200; x_wconf 91' lang='lat' dir='ltr'><strong>ita</strong></span> <span class='ocrx_word' id='word_1_29' title='bbox 343 1134 575 1221; x_wconf 74' lang='lat' dir='ltr'><strong>provincialium</strong></span> <span class='ocrx_word' id='word_1_30' title='bbox 593 1133 736 1199; x_wconf 89' lang='lat' dir='ltr'><strong>ordinum</strong></span> <span class='ocrx_word' id='word_1_31' title='bbox 752 1135 976 1212; x_wconf 88' lang='lat' dir='ltr'><strong>auctoritatem,</strong></span> <span class='ocrx_word' id='word_1_32' title='bbox 988 1134 1028 1198; x_wconf 90' lang='lat' dir='ltr'><strong>ab</strong></span> <span class='ocrx_word' id='word_1_33' title='bbox 1044 1156 1160 1213; x_wconf 87' lang='lat' dir='ltr'><strong>carum,</strong></span> <span class='ocrx_word' id='word_1_34' title='bbox 1179 1158 1261 1222; x_wconf 90' lang='lat' dir='ltr'><strong>quae</strong></span> 
     </span>
     <span class='ocr_line' id='line_1_7' title="bbox 282 1246 1260 1336; baseline -0.002 -22"><span class='ocrx_word' id='word_1_35' title='bbox 282 1248 473 1316; x_wconf 89' lang='lat' dir='ltr'><strong>Germanicis</strong></span> <span class='ocrx_word' id='word_1_36' title='bbox 494 1247 635 1336; x_wconf 88' lang='lat' dir='ltr'><strong>gentibus</strong></span> <span class='ocrx_word' id='word_1_37' title='bbox 659 1246 800 1333; x_wconf 91' lang='lat' dir='ltr'><strong>propriae</strong></span> <span class='ocrx_word' id='word_1_38' title='bbox 821 1247 913 1311; x_wconf 84' lang='lat' dir='ltr'><strong>luisse</strong></span> <span class='ocrx_word' id='word_1_39' title='bbox 939 1259 1131 1325; x_wconf 81' lang='lat' dir='ltr'><strong>censeantur,</strong></span> <span class='ocrx_word' id='word_1_40' title='bbox 1158 1249 1260 1312; x_wconf 90' lang='lat' dir='ltr'><strong>notio·</strong></span> 
     </span>
     <span class='ocr_line' id='line_1_8' title="bbox 282 1359 1259 1448; baseline -0.001 -23"><span class='ocrx_word' id='word_1_41' title='bbox 282 1383 360 1426; x_wconf 90' lang='lat' dir='ltr'><strong>num</strong></span> <span class='ocrx_word' id='word_1_42' title='bbox 382 1362 535 1439; x_wconf 88' lang='lat' dir='ltr'><strong>efficacia,</strong></span> <span class='ocrx_word' id='word_1_43' title='bbox 554 1382 657 1448; x_wconf 89' lang='lat' dir='ltr'><strong>neque</strong></span> <span class='ocrx_word' id='word_1_44' title='bbox 677 1361 780 1424; x_wconf 88' lang='lat' dir='ltr'><strong>minus</strong></span> <span class='ocrx_word' id='word_1_45' title='bbox 799 1360 839 1426; x_wconf 91' lang='lat' dir='ltr'><strong>ab</strong></span> <span class='ocrx_word' id='word_1_46' title='bbox 861 1359 965 1424; x_wconf 89' lang='lat' dir='ltr'><strong>indole</strong></span> <span class='ocrx_word' id='word_1_47' title='bbox 987 1370 1017 1424; x_wconf 92' lang='lat' dir='ltr'><strong>et</strong></span> <span class='ocrx_word' id='word_1_48' title='bbox 1038 1361 1169 1425; x_wconf 86' lang='lat' dir='ltr'><strong>consilio</strong></span> <span class='ocrx_word' id='word_1_49' title='bbox 1187 1361 1259 1425; x_wconf 84' lang='lat' dir='ltr'><strong>seu·</strong></span> 
     </span>
     <span class='ocr_line' id='line_1_9' title="bbox 281 1472 1258 1555; baseline 0 -17"><span class='ocrx_word' id='word_1_50' title='bbox 281 1472 617 1540; x_wconf 89' lang='lat' dir='ltr'><strong>daliuminstitutorum</strong></span> <span class='ocrx_word' id='word_1_51' title='bbox 637 1474 730 1539; x_wconf 90' lang='lat' dir='ltr'><strong>unice</strong></span> <span class='ocrx_word' id='word_1_52' title='bbox 746 1473 879 1555; x_wconf 81' lang='lat' dir='ltr'><strong>fluxisse,</strong></span> <span class='ocrx_word' id='word_1_53' title='bbox 900 1483 1019 1537; x_wconf 90' lang='lat' dir='ltr'><strong>certum</strong></span> <span class='ocrx_word' id='word_1_54' title='bbox 1040 1484 1094 1539; x_wconf 91' lang='lat' dir='ltr'><strong>est.</strong></span> <span class='ocrx_word' id='word_1_55' title='bbox 1138 1473 1258 1555; x_wconf 86' lang='lat' dir='ltr'><strong>Quibus</strong></span> 
     </span>
     <span class='ocr_line' id='line_1_10' title="bbox 192 1584 1258 1673; baseline 0 -22"><span class='ocrx_word' id='word_1_56' title='bbox 192 1616 196 1627; x_wconf 74' lang='lat'>=</span> <span class='ocrx_word' id='word_1_57' title='bbox 282 1588 366 1652; x_wconf 92' lang='lat' dir='ltr'><strong>enim</strong></span> <span class='ocrx_word' id='word_1_58' title='bbox 390 1587 606 1652; x_wconf 84' lang='lat' dir='ltr'><strong>convenienter</strong></span> <span class='ocrx_word' id='word_1_59' title='bbox 626 1586 744 1670; x_wconf 92' lang='lat' dir='ltr'><strong>placitis</strong></span> <span class='ocrx_word' id='word_1_60' title='bbox 764 1596 858 1671; x_wconf 89' lang='lat' dir='ltr'><strong>atque</strong></span> <span class='ocrx_word' id='word_1_61' title='bbox 881 1584 1135 1664; x_wconf 84' lang='lat' dir='ltr'><strong>institutionibus,</strong></span> <span class='ocrx_word' id='word_1_62' title='bbox 1158 1608 1258 1673; x_wconf 91' lang='lat' dir='ltr'><strong>quum</strong></span> 
     </span>
     <span class='ocr_line' id='line_1_11' title="bbox 281 1697 1257 1786; baseline 0 -24"><span class='ocrx_word' id='word_1_63' title='bbox 281 1700 451 1786; x_wconf 91' lang='lat' dir='ltr'><strong>unicuique</strong></span> <span class='ocrx_word' id='word_1_64' title='bbox 475 1719 582 1762; x_wconf 90' lang='lat' dir='ltr'><strong>earum</strong></span> <span class='ocrx_word' id='word_1_65' title='bbox 606 1697 770 1775; x_wconf 85' lang='lat' dir='ltr'><strong>classium,</strong></span> <span class='ocrx_word' id='word_1_66' title='bbox 803 1698 835 1760; x_wconf 91' lang='lat' dir='ltr'><strong>in</strong></span> <span class='ocrx_word' id='word_1_67' title='bbox 867 1719 942 1785; x_wconf 84' lang='lat' dir='ltr'><strong>ques</strong></span> <span class='ocrx_word' id='word_1_68' title='bbox 969 1697 1111 1763; x_wconf 87' lang='lat' dir='ltr'><strong>distribui</strong></span> <span class='ocrx_word' id='word_1_69' title='bbox 1141 1699 1257 1764; x_wconf 82' lang='lat' dir='ltr'><strong>civium</strong></span> 
     </span>
     <span class='ocr_line' id='line_1_12' title="bbox 279 1809 1256 1898; baseline 0.002 -24"><span class='ocrx_word' id='word_1_70' title='bbox 279 1811 510 1875; x_wconf 83' lang='lat' dir='ltr'><strong>universitatem</strong></span> <span class='ocrx_word' id='word_1_71' title='bbox 533 1809 725 1897; x_wconf 80' lang='lat' dir='ltr'><strong>contigisset,</strong></span> <span class='ocrx_word' id='word_1_72' title='bbox 755 1820 837 1874; x_wconf 86' lang='lat' dir='ltr'><strong>certa</strong></span> <span class='ocrx_word' id='word_1_73' title='bbox 867 1832 921 1874; x_wconf 89' lang='lat' dir='ltr'><strong>sua</strong></span> <span class='ocrx_word' id='word_1_74' title='bbox 946 1811 1018 1894; x_wconf 88' lang='lat' dir='ltr'><strong>jura</strong></span> <span class='ocrx_word' id='word_1_75' title='bbox 1039 1832 1076 1875; x_wconf 93' lang='lat' dir='ltr'><strong>ac</strong></span> <span class='ocrx_word' id='word_1_76' title='bbox 1097 1811 1256 1898; x_wconf 77' lang='lat' dir='ltr'><strong>privilegis</strong></span> 
     </span>
     <span class='ocr_line' id='line_1_13' title="bbox 280 1921 1255 2009; baseline -0.002 -21"><span class='ocrx_word' id='word_1_77' title='bbox 280 1922 526 2009; x_wconf 85' lang='lat' dir='ltr'><strong>suppeditarent,</strong></span> <span class='ocrx_word' id='word_1_78' title='bbox 551 1922 735 1989; x_wconf 88' lang='lat' dir='ltr'><strong>incumbens</strong></span> <span class='ocrx_word' id='word_1_79' title='bbox 755 1921 865 1988; x_wconf 89' lang='lat' dir='ltr'><strong>horum</strong></span> <span class='ocrx_word' id='word_1_80' title='bbox 889 1922 1106 1988; x_wconf 83' lang='lat' dir='ltr'><strong>servandorum</strong></span> <span class='ocrx_word' id='word_1_81' title='bbox 1127 1925 1255 2009; x_wconf 91' lang='lat' dir='ltr'><strong>princi-</strong></span> 
     </span>
     <span class='ocr_line' id='line_1_14' title="bbox 277 2035 1255 2125; baseline 0 -23"><span class='ocrx_word' id='word_1_82' title='bbox 277 2036 367 2122; x_wconf 82' lang='lat' dir='ltr'><strong>pibus</strong></span> <span class='ocrx_word' id='word_1_83' title='bbox 394 2035 540 2125; x_wconf 90' lang='lat' dir='ltr'><strong>obligatio</strong></span> <span class='ocrx_word' id='word_1_84' title='bbox 569 2058 641 2101; x_wconf 89' lang='lat' dir='ltr'><strong>eum</strong></span> <span class='ocrx_word' id='word_1_85' title='bbox 670 2057 744 2100; x_wconf 86' lang='lat' dir='ltr'><strong>mox</strong></span> <span class='ocrx_word' id='word_1_86' title='bbox 769 2035 938 2102; x_wconf 89' lang='lat' dir='ltr'><strong>necessario</strong></span> <span class='ocrx_word' id='word_1_87' title='bbox 966 2035 1076 2101; x_wconf 89' lang='lat' dir='ltr'><strong>habuit</strong></span> <span class='ocrx_word' id='word_1_88' title='bbox 1097 2037 1255 2115; x_wconf 84' lang='lat' dir='ltr'><strong>ellectum,</strong></span> 
     </span>
     <span class='ocr_line' id='line_1_15' title="bbox 278 2147 1254 2238; baseline 0.003 -24"><span class='ocrx_word' id='word_1_89' title='bbox 278 2161 314 2215; x_wconf 90' lang='lat' dir='ltr'><strong>ut</strong></span> <span class='ocrx_word' id='word_1_90' title='bbox 349 2173 367 2214; x_wconf 95' lang='lat' dir='ltr'><strong>e</strong></span> <span class='ocrx_word' id='word_1_91' title='bbox 400 2150 530 2238; x_wconf 87' lang='lat' dir='ltr'><strong>negotiis</strong></span> <span class='ocrx_word' id='word_1_92' title='bbox 563 2170 627 2214; x_wconf 93' lang='lat' dir='ltr'><strong>rem</strong></span> <span class='ocrx_word' id='word_1_93' title='bbox 656 2147 812 2234; x_wconf 82' lang='lat' dir='ltr'><strong>publicam</strong></span> <span class='ocrx_word' id='word_1_94' title='bbox 843 2149 1055 2234; x_wconf 87' lang='lat' dir='ltr'><strong>spectantibus</strong></span> <span class='ocrx_word' id='word_1_95' title='bbox 1085 2152 1254 2228; x_wconf 87' lang='lat' dir='ltr'><strong>nonnulla,</strong></span> 
     </span>
     <span class='ocr_line' id='line_1_16' title="bbox 276 2261 1253 2345; baseline 0.002 -19"><span class='ocrx_word' id='word_1_96' title='bbox 276 2262 335 2326; x_wconf 87' lang='lat' dir='ltr'><strong>nisi</strong></span> <span class='ocrx_word' id='word_1_97' title='bbox 367 2263 463 2327; x_wconf 87' lang='lat' dir='ltr'><strong>libera</strong></span> <span class='ocrx_word' id='word_1_98' title='bbox 493 2262 617 2327; x_wconf 91' lang='lat' dir='ltr'><strong>illorum</strong></span> <span class='ocrx_word' id='word_1_99' title='bbox 649 2261 809 2345; x_wconf 90' lang='lat' dir='ltr'><strong>impetrata</strong></span> <span class='ocrx_word' id='word_1_100' title='bbox 851 2261 1073 2339; x_wconf 88' lang='lat' dir='ltr'><strong>consensione,</strong></span> <span class='ocrx_word' id='word_1_101' title='bbox 1109 2261 1156 2326; x_wconf 86' lang='lat' dir='ltr'><strong>his</strong></span> <span class='ocrx_word' id='word_1_102' title='bbox 1190 2286 1253 2328; x_wconf 91' lang='lat' dir='ltr'><strong>non</strong></span> 
     </span>
     <span class='ocr_line' id='line_1_17' title="bbox 278 2373 1253 2461; baseline 0.001 -22"><span class='ocrx_word' id='word_1_103' title='bbox 278 2375 410 2460; x_wconf 85' lang='lat' dir='ltr'><strong>emplius</strong></span> <span class='ocrx_word' id='word_1_104' title='bbox 435 2396 582 2460; x_wconf 87' lang='lat' dir='ltr'><strong>peregere</strong></span> <span class='ocrx_word' id='word_1_105' title='bbox 609 2373 727 2441; x_wconf 93' lang='lat' dir='ltr'><strong>liceret.</strong></span> <span class='ocrx_word' id='word_1_106' title='bbox 777 2375 904 2460; x_wconf 85' lang='lat' dir='ltr'><strong>ltaque,</strong></span> <span class='ocrx_word' id='word_1_107' title='bbox 925 2375 1119 2461; x_wconf 93' lang='lat' dir='ltr'><strong>propriorum</strong></span> <span class='ocrx_word' id='word_1_108' title='bbox 1133 2374 1253 2460; x_wconf 91' lang='lat' dir='ltr'><strong>jurium</strong></span> 
     </span>
     <span class='ocr_line' id='line_1_18' title="bbox 278 2485 1252 2574; baseline 0.003 -25"><span class='ocrx_word' id='word_1_109' title='bbox 278 2487 376 2574; x_wconf 87' lang='lat' dir='ltr'><strong>gratia</strong></span> <span class='ocrx_word' id='word_1_110' title='bbox 399 2486 438 2551; x_wconf 90' lang='lat' dir='ltr'><strong>ad</strong></span> <span class='ocrx_word' id='word_1_111' title='bbox 463 2485 716 2550; x_wconf 86' lang='lat' dir='ltr'><strong>deliberationem</strong></span> <span class='ocrx_word' id='word_1_112' title='bbox 738 2485 851 2573; x_wconf 87' lang='lat' dir='ltr'><strong>singuli</strong></span> <span class='ocrx_word' id='word_1_113' title='bbox 873 2486 994 2552; x_wconf 85' lang='lat' dir='ltr'><strong>ordines</strong></span> <span class='ocrx_word' id='word_1_114' title='bbox 1022 2486 1144 2552; x_wconf 88' lang='lat' dir='ltr'><strong>admissi</strong></span> <span class='ocrx_word' id='word_1_115' title='bbox 1169 2488 1252 2553; x_wconf 91' lang='lat' dir='ltr'><strong>idem</strong></span> 
     </span>
     <span class='ocr_line' id='line_1_19' title="bbox 177 2598 1253 2696; baseline 0.003 -33"><span class='ocrx_word' id='word_1_116' title='bbox 177 2651 192 2696; x_wconf 31' lang='grc' dir='ltr'><strong>Ι.</strong></span> <span class='ocrx_word' id='word_1_117' title='bbox 277 2598 337 2665; x_wconf 92' lang='lat' dir='ltr'><strong>hoc</strong></span> <span class='ocrx_word' id='word_1_118' title='bbox 365 2599 538 2665; x_wconf 86' lang='lat' dir='ltr'><strong>tractandae</strong></span> <span class='ocrx_word' id='word_1_119' title='bbox 566 2599 610 2663; x_wconf 89' lang='lat' dir='ltr'><strong>rei</strong></span> <span class='ocrx_word' id='word_1_120' title='bbox 629 2599 771 2684; x_wconf 90' lang='lat' dir='ltr'><strong>publicae</strong></span> <span class='ocrx_word' id='word_1_121' title='bbox 791 2600 984 2687; x_wconf 88' lang='lat' dir='ltr'><strong>propositum</strong></span> <span class='ocrx_word' id='word_1_122' title='bbox 1011 2602 1253 2667; x_wconf 84' lang='lat' dir='ltr'><strong>constantissime</strong></span> 
     </span>
     <span class='ocr_line' id='line_1_20' title="bbox 276 2712 1250 2801; baseline 0.002 -26"><span class='ocrx_word' id='word_1_123' title='bbox 276 2712 491 2792; x_wconf 85' lang='lat' dir='ltr'><strong>retinuerunt,</strong></span> <span class='ocrx_word' id='word_1_124' title='bbox 525 2713 645 2777; x_wconf 78' lang='lat' dir='ltr'><strong>summai</strong></span> <span class='ocrx_word' id='word_1_125' title='bbox 675 2712 785 2778; x_wconf 82' lang='lat' dir='ltr'><strong>virium</strong></span> <span class='ocrx_word' id='word_1_126' title='bbox 819 2714 990 2779; x_wconf 90' lang='lat' dir='ltr'><strong>intentione</strong></span> <span class='ocrx_word' id='word_1_127' title='bbox 1021 2735 1141 2801; x_wconf 87' lang='lat' dir='ltr'><strong>semper</strong></span> <span class='ocrx_word' id='word_1_128' title='bbox 1172 2714 1250 2778; x_wconf 94' lang='lat' dir='ltr'><strong>illud</strong></span> 
     </span>
     <span class='ocr_line' id='line_1_21' title="bbox 209 2823 1250 2914; baseline -0.001 -24"><span class='ocrx_word' id='word_1_129' title='bbox 209 2823 212 2830; x_wconf 73' lang='grc'>’</span> <span class='ocrx_word' id='word_1_130' title='bbox 277 2826 465 2912; x_wconf 90' lang='lat' dir='ltr'><strong>potissimum</strong></span> <span class='ocrx_word' id='word_1_131' title='bbox 494 2836 640 2914; x_wconf 86' lang='lat' dir='ltr'><strong>agentes,</strong></span> <span class='ocrx_word' id='word_1_132' title='bbox 661 2837 698 2890; x_wconf 94' lang='lat' dir='ltr'><strong>ut</strong></span> <span class='ocrx_word' id='word_1_133' title='bbox 719 2828 781 2891; x_wconf 83' lang='lat' dir='ltr'><strong>sinc</strong></span> <span class='ocrx_word' id='word_1_134' title='bbox 807 2826 975 2893; x_wconf 85' lang='lat' dir='ltr'><strong>incolumia</strong></span> <span class='ocrx_word' id='word_1_135' title='bbox 995 2849 1050 2891; x_wconf 91' lang='lat' dir='ltr'><strong>sua</strong></span> <span class='ocrx_word' id='word_1_136' title='bbox 1072 2827 1131 2891; x_wconf 90' lang='lat' dir='ltr'><strong>sibi</strong></span> <span class='ocrx_word' id='word_1_137' title='bbox 1151 2827 1250 2912; x_wconf 86' lang='lat' dir='ltr'><strong>priri-</strong></span> 
     </span>
     <span class='ocr_line' id='line_1_22' title="bbox 275 2939 1250 3027; baseline 0.002 -23"><span class='ocrx_word' id='word_1_138' title='bbox 275 2940 355 3027; x_wconf 89' lang='lat' dir='ltr'><strong>legia</strong></span> <span class='ocrx_word' id='word_1_139' title='bbox 378 2949 571 3005; x_wconf 81' lang='lat' dir='ltr'><strong>servarentur</strong></span> <span class='ocrx_word' id='word_1_140' title='bbox 591 2939 653 3004; x_wconf 86' lang='lat' dir='ltr'><strong>sire</strong></span> <span class='ocrx_word' id='word_1_141' title='bbox 673 2940 766 3027; x_wconf 84' lang='lat' dir='ltr'><strong>etiam</strong></span> <span class='ocrx_word' id='word_1_142' title='bbox 787 2939 1044 3005; x_wconf 84' lang='lat' dir='ltr'><strong>confirmarentur</strong></span> <span class='ocrx_word' id='word_1_143' title='bbox 1063 2961 1250 3026; x_wconf 78' lang='lat' dir='ltr'><strong>exsugeren-</strong></span> 
     </span>
     <span class='ocr_line' id='line_1_23' title="bbox 274 3053 1248 3142; baseline 0.002 -25"><span class='ocrx_word' id='word_1_144' title='bbox 274 3063 405 3142; x_wconf 86' lang='lat' dir='ltr'><strong>turque:</strong></span> <span class='ocrx_word' id='word_1_145' title='bbox 430 3054 518 3138; x_wconf 92' lang='lat' dir='ltr'><strong>cujus</strong></span> <span class='ocrx_word' id='word_1_146' title='bbox 538 3053 583 3118; x_wconf 88' lang='lat' dir='ltr'><strong>rei</strong></span> <span class='ocrx_word' id='word_1_147' title='bbox 600 3053 677 3118; x_wconf 92' lang='lat' dir='ltr'><strong>dum</strong></span> <span class='ocrx_word' id='word_1_148' title='bbox 699 3054 893 3138; x_wconf 90' lang='lat' dir='ltr'><strong>compotibus</strong></span> <span class='ocrx_word' id='word_1_149' title='bbox 911 3054 977 3118; x_wconf 91' lang='lat' dir='ltr'><strong>lieri</strong></span> <span class='ocrx_word' id='word_1_150' title='bbox 998 3053 1054 3118; x_wconf 89' lang='lat' dir='ltr'><strong>sibi</strong></span> <span class='ocrx_word' id='word_1_151' title='bbox 1083 3054 1248 3141; x_wconf 90' lang='lat' dir='ltr'><strong>continge·</strong></span> 
     </span>
     <span class='ocr_line' id='line_1_24' title="bbox 275 3165 1248 3254; baseline -0.001 -23"><span class='ocrx_word' id='word_1_152' title='bbox 275 3179 341 3250; x_wconf 89' lang='lat' dir='ltr'><strong>ret,</strong></span> <span class='ocrx_word' id='word_1_153' title='bbox 364 3167 438 3254; x_wconf 90' lang='lat' dir='ltr'><strong>quid</strong></span> <span class='ocrx_word' id='word_1_154' title='bbox 463 3177 654 3234; x_wconf 89' lang='lat' dir='ltr'><strong>caeterorum</strong></span> <span class='ocrx_word' id='word_1_155' title='bbox 676 3187 694 3230; x_wconf 92' lang='lat' dir='ltr'><strong>e</strong></span> <span class='ocrx_word' id='word_1_156' title='bbox 718 3187 751 3230; x_wconf 93' lang='lat' dir='ltr'><strong>re</strong></span> <span class='ocrx_word' id='word_1_157' title='bbox 775 3177 850 3231; x_wconf 87' lang='lat' dir='ltr'><strong>esset</strong></span> <span class='ocrx_word' id='word_1_158' title='bbox 874 3166 1018 3232; x_wconf 91' lang='lat' dir='ltr'><strong>ordinum</strong></span> <span class='ocrx_word' id='word_1_159' title='bbox 1040 3165 1181 3253; x_wconf 88' lang='lat' dir='ltr'><strong>quidque</strong></span> <span class='ocrx_word' id='word_1_160' title='bbox 1203 3167 1248 3232; x_wconf 92' lang='lat' dir='ltr'><strong>ci-</strong></span> 
     </span>
     <span class='ocr_line' id='line_1_25' title="bbox 275 3278 1250 3368; baseline 0.001 -25"><span class='ocrx_word' id='word_1_161' title='bbox 275 3278 359 3345; x_wconf 81' lang='lat' dir='ltr'><strong>vitati</strong></span> <span class='ocrx_word' id='word_1_162' title='bbox 390 3280 545 3366; x_wconf 86' lang='lat' dir='ltr'><strong>expediret</strong></span> <span class='ocrx_word' id='word_1_163' title='bbox 572 3280 742 3357; x_wconf 82' lang='lat' dir='ltr'><strong>universae,</strong></span> <span class='ocrx_word' id='word_1_164' title='bbox 773 3290 827 3344; x_wconf 92' lang='lat' dir='ltr'><strong>aut</strong></span> <span class='ocrx_word' id='word_1_165' title='bbox 845 3302 969 3365; x_wconf 91' lang='lat' dir='ltr'><strong>prorsus</strong></span> <span class='ocrx_word' id='word_1_166' title='bbox 992 3280 1167 3368; x_wconf 91' lang='lat' dir='ltr'><strong>negligere,</strong></span> <span class='ocrx_word' id='word_1_167' title='bbox 1195 3292 1250 3346; x_wconf 91' lang='lat' dir='ltr'><strong>aut</strong></span> 
     </span>
     <span class='ocr_line' id='line_1_26' title="bbox 273 3391 1247 3461; baseline 0 -2"><span class='ocrx_word' id='word_1_168' title='bbox 273 3405 359 3460; x_wconf 90' lang='lat' dir='ltr'><strong>certe</strong></span> <span class='ocrx_word' id='word_1_169' title='bbox 387 3396 486 3459; x_wconf 91' lang='lat' dir='ltr'><strong>multo</strong></span> <span class='ocrx_word' id='word_1_170' title='bbox 517 3393 619 3460; x_wconf 91' lang='lat' dir='ltr'><strong>minus</strong></span> <span class='ocrx_word' id='word_1_171' title='bbox 650 3392 822 3460; x_wconf 85' lang='lat' dir='ltr'><strong>curandum</strong></span> <span class='ocrx_word' id='word_1_172' title='bbox 851 3393 909 3458; x_wconf 88' lang='lat' dir='ltr'><strong>sibi</strong></span> <span class='ocrx_word' id='word_1_173' title='bbox 932 3391 1073 3459; x_wconf 92' lang='lat' dir='ltr'><strong>arbitrari</strong></span> <span class='ocrx_word' id='word_1_174' title='bbox 1096 3395 1247 3461; x_wconf 85' lang='lat' dir='ltr'><strong>solebant.</strong></span> 
     </span>
     <span class='ocr_line' id='line_1_27' title="bbox 274 3506 1250 3595; baseline -0.001 -22"><span class='ocrx_word' id='word_1_175' title='bbox 274 3508 490 3595; x_wconf 86' lang='lat' dir='ltr'><strong>Quamquam,</strong></span> <span class='ocrx_word' id='word_1_176' title='bbox 531 3509 586 3573; x_wconf 92' lang='lat' dir='ltr'><strong>ubi</strong></span> <span class='ocrx_word' id='word_1_177' title='bbox 617 3507 737 3593; x_wconf 89' lang='lat' dir='ltr'><strong>jurium</strong></span> <span class='ocrx_word' id='word_1_178' title='bbox 775 3529 901 3572; x_wconf 93' lang='lat' dir='ltr'><strong>suorum</strong></span> <span class='ocrx_word' id='word_1_179' title='bbox 940 3509 999 3573; x_wconf 89' lang='lat' dir='ltr'><strong>rite</strong></span> <span class='ocrx_word' id='word_1_180' title='bbox 1034 3506 1250 3572; x_wconf 79' lang='lat' dir='ltr'><strong>defendendo·</strong></span> 
     </span>
     <span class='ocr_line' id='line_1_28' title="bbox 275 3618 1247 3708; baseline 0.002 -26"><span class='ocrx_word' id='word_1_181' title='bbox 275 3641 345 3684; x_wconf 88' lang='lat' dir='ltr'><strong>rum</strong></span> <span class='ocrx_word' id='word_1_182' title='bbox 379 3621 481 3685; x_wconf 92' lang='lat' dir='ltr'><strong>studio</strong></span> <span class='ocrx_word' id='word_1_183' title='bbox 517 3620 555 3685; x_wconf 87' lang='lat' dir='ltr'><strong>ad</strong></span> <span class='ocrx_word' id='word_1_184' title='bbox 591 3620 827 3708; x_wconf 89' lang='lat' dir='ltr'><strong>qualiscumque</strong></span> <span class='ocrx_word' id='word_1_185' title='bbox 865 3618 988 3685; x_wconf 89' lang='lat' dir='ltr'><strong>tandem</strong></span> <span class='ocrx_word' id='word_1_186' title='bbox 1022 3619 1247 3684; x_wconf 90' lang='lat' dir='ltr'><strong>institutionem</strong></span> 
     </span>
     <span class='ocr_line' id='line_1_29' title="bbox 274 3733 1248 3819; baseline 0 -22"><span class='ocrx_word' id='word_1_187' title='bbox 274 3733 426 3798; x_wconf 88' lang='lat' dir='ltr'><strong>societatis</strong></span> <span class='ocrx_word' id='word_1_188' title='bbox 466 3734 608 3819; x_wconf 93' lang='lat' dir='ltr'><strong>perducti</strong></span> <span class='ocrx_word' id='word_1_189' title='bbox 639 3733 759 3798; x_wconf 90' lang='lat' dir='ltr'><strong>ordines</strong></span> <span class='ocrx_word' id='word_1_190' title='bbox 786 3733 928 3810; x_wconf 83' lang='lat' dir='ltr'><strong>luissent,</strong></span> <span class='ocrx_word' id='word_1_191' title='bbox 962 3756 998 3798; x_wconf 83' lang='lat' dir='ltr'><strong>ex</strong></span> <span class='ocrx_word' id='word_1_192' title='bbox 1031 3734 1083 3798; x_wconf 92' lang='lat' dir='ltr'><strong>illa</strong></span> <span class='ocrx_word' id='word_1_193' title='bbox 1122 3743 1248 3812; x_wconf 87' lang='lat' dir='ltr'><strong>autern,</strong></span> 
     </span>
     <span class='ocr_line' id='line_1_30' title="bbox 273 3846 1247 3934; baseline -0.001 -22"><span class='ocrx_word' id='word_1_194' title='bbox 273 3867 380 3912; x_wconf 89' lang='lat' dir='ltr'><strong>eorum</strong></span> <span class='ocrx_word' id='word_1_195' title='bbox 402 3848 533 3931; x_wconf 87' lang='lat' dir='ltr'><strong>jurium,</strong></span> <span class='ocrx_word' id='word_1_196' title='bbox 561 3870 641 3934; x_wconf 89' lang='lat' dir='ltr'><strong>quae</strong></span> <span class='ocrx_word' id='word_1_197' title='bbox 669 3848 874 3913; x_wconf 87' lang='lat' dir='ltr'><strong>communiter</strong></span> <span class='ocrx_word' id='word_1_198' title='bbox 893 3850 932 3913; x_wconf 92' lang='lat' dir='ltr'><strong>ab</strong></span> <span class='ocrx_word' id='word_1_199' title='bbox 954 3849 989 3911; x_wconf 91' lang='lat' dir='ltr'><strong>iis</strong></span> <span class='ocrx_word' id='word_1_200' title='bbox 1009 3846 1247 3933; x_wconf 89' lang='lat' dir='ltr'><strong>possiderentur,</strong></span> 
     </span>
     <span class='ocr_line' id='line_1_31' title="bbox 271 3960 1247 4048; baseline -0.003 -20"><span class='ocrx_word' id='word_1_201' title='bbox 271 3982 420 4028; x_wconf 89' lang='lat' dir='ltr'><strong>numerus</strong></span> <span class='ocrx_word' id='word_1_202' title='bbox 450 3961 683 4047; x_wconf 88' lang='lat' dir='ltr'><strong>amplitudoque</strong></span> <span class='ocrx_word' id='word_1_203' title='bbox 708 3981 897 4048; x_wconf 88' lang='lat' dir='ltr'><strong>magnopere</strong></span> <span class='ocrx_word' id='word_1_204' title='bbox 925 3960 1070 4047; x_wconf 91' lang='lat' dir='ltr'><strong>deinceps</strong></span> <span class='ocrx_word' id='word_1_205' title='bbox 1097 3961 1247 4028; x_wconf 84' lang='lat' dir='ltr'><strong>increvis-</strong></span> 
     </span>
     <span class='ocr_line' id='line_1_32' title="bbox 271 4071 1284 4160; baseline -0.002 -19"><span class='ocrx_word' id='word_1_206' title='bbox 271 4085 355 4156; x_wconf 89' lang='lat' dir='ltr'><strong>sent:</strong></span> <span class='ocrx_word' id='word_1_207' title='bbox 382 4073 447 4139; x_wconf 86' lang='lat' dir='ltr'><strong>fieri</strong></span> <span class='ocrx_word' id='word_1_208' title='bbox 466 4094 538 4139; x_wconf 92' lang='lat' dir='ltr'><strong>sane</strong></span> <span class='ocrx_word' id='word_1_209' title='bbox 556 4071 638 4139; x_wconf 87' lang='lat' dir='ltr'><strong>baud</strong></span> <span class='ocrx_word' id='word_1_210' title='bbox 662 4075 772 4160; x_wconf 86' lang='lat' dir='ltr'><strong>potuit,</strong></span> <span class='ocrx_word' id='word_1_211' title='bbox 796 4074 873 4159; x_wconf 89' lang='lat' dir='ltr'><strong>quia</strong></span> <span class='ocrx_word' id='word_1_212' title='bbox 896 4074 1073 4139; x_wconf 88' lang='lat' dir='ltr'><strong>sutisfirma</strong></span> <span class='ocrx_word' id='word_1_213' title='bbox 1095 4073 1248 4140; x_wconf 90' lang='lat' dir='ltr'><strong>intereos</strong></span> <span class='ocrx_word' id='word_1_214' title='bbox 1276 4140 1284 4154; x_wconf 74' lang='grc'>,</span> 
     </span>
     <span class='ocr_line' id='line_1_33' title="bbox 270 4185 1246 4272; baseline -0.001 -19"><span class='ocrx_word' id='word_1_215' title='bbox 270 4186 462 4253; x_wconf 88' lang='lat' dir='ltr'><strong>necessitudo</strong></span> <span class='ocrx_word' id='word_1_216' title='bbox 494 4186 679 4264; x_wconf 85' lang='lat' dir='ltr'><strong>exoriretur,</strong></span> <span class='ocrx_word' id='word_1_217' title='bbox 709 4185 960 4272; x_wconf 84' lang='lat' dir='ltr'><strong>qrrandoquidem</strong></span> <span class='ocrx_word' id='word_1_218' title='bbox 995 4208 1093 4271; x_wconf 91' lang='lat' dir='ltr'><strong>saepe,</strong></span> <span class='ocrx_word' id='word_1_219' title='bbox 1125 4185 1246 4270; x_wconf 91' lang='lat' dir='ltr'><strong>junctis</strong></span> 
     </span>
    </p>
   </div>
   <div class='ocr_carea' id='block_1_3' title="bbox 0 0 1374 4740">
    <p class='ocr_par' dir='ltr' id='par_1_3' title="bbox 0 0 1374 4740">
     <span class='ocr_line' id='line_1_34' title="bbox 0 0 1374 4740; baseline 0 6"><span class='ocrx_word' id='word_1_220' title='bbox 0 0 1374 4740; x_wconf 95' lang='lat' dir='ltr'><strong> </strong></span> 
     </span>
    </p>
   </div>
  </div>
 </body>
</html>
