2738 4740
730 448 773 510 30

266 635 430 701 haberetur
449 631 570 697 aliudve
589 633 648 718 ipsi
668 643 870 718 sequerentur
890 631 1052 697 consilium
1075 653 1181 718 quam,
1205 644 1242 698 ut

266 772 322 836 per
339 749 401 812 rim
419 745 572 835 quidquid
591 746 652 810 suia
669 745 826 811 obsisteret
843 744 1055 811 conaminibus
1071 747 1243 831 reprimere

266 862 424 928 studerent
443 861 467 926 1.
509 860 603 945 Cujus
632 859 758 946 quidem
779 859 823 923 rei
850 860 1026 946 exemplum
1053 859 1144 925 urbes
1169 860 1243 926 illae

266 975 375 1042 afferre
403 982 547 1059 possunt,
570 971 683 1059 quibus
710 972 834 1058 paucis,
857 971 958 1036 medio
986 970 1089 1036 adhuc
1119 972 1244 1038 saeculo

267 1087 388 1153 decimo
403 1085 543 1172 septimo,
553 1083 740 1171 contigisset,
751 1093 796 1161 nt,
806 1084 927 1169 jurium
940 1105 1065 1147 suorum
1082 1095 1242 1169 respectu,

268 1199 405 1265 medium
435 1199 519 1263 velut
543 1199 646 1263 locum
675 1197 848 1283 imperiales
869 1197 950 1260 inter
971 1219 1008 1262 ac
1031 1197 1242 1274 territoriales,

269 1336 349 1402 quae
365 1312 556 1389 dicebantur,
574 1311 665 1376 urbes
685 1320 889 1396 occuparent:
909 1331 985 1396 quas
1006 1311 1088 1375 enirn
1114 1321 1243 1387 constat,

264 1428 332 1513 jam
348 1425 484 1511 proximo
494 1436 562 1511 post
571 1422 851 1509 Westphaliensem
863 1443 973 1507 pacem
984 1432 1131 1507 tempore,
1151 1423 1246 1487 armis

269 1539 399 1606 domitas
425 1561 462 1605 ac
487 1538 619 1624 principi
647 1558 786 1624 quasque
806 1556 863 1599 suo
884 1535 976 1620 plane
996 1535 1150 1620 subjectas
1174 1534 1245 1599 red-

269 1652 347 1718 ditas
376 1652 467 1717 luisse
486 1651 511 1718 ².
555 1650 708 1716 Ordinum
736 1670 807 1713 vero
826 1647 1003 1715 constitutio
1024 1648 1088 1733 ipsa
1113 1648 1174 1712 tale
1197 1647 1248 1714 ia-

271 1777 338 1830 tum
358 1764 484 1828 minime
505 1773 549 1827 est
575 1773 713 1848 experta,
734 1762 786 1827 sed
810 1762 963 1847 perrexit,
988 1773 1104 1828 serrato
1131 1761 1248 1828 saeculi

271 1877 385 1944 decimi
415 1875 516 1962 quinti
544 1875 606 1939 ritu
625 1896 662 1940 ac
679 1873 917 1952 consuetudine,
938 1884 1004 1939 tum
1024 1896 1170 1962 quoque,
1192 1876 1248 1940 nbi

271 2010 374 2077 neque
392 1988 430 2054 ad
448 1988 608 2076 antiquam
626 1988 758 2074 amplius
777 2009 914 2053 normam
931 1987 1125 2075 singularum
1144 1987 1247 2055 bomi-

271 2125 348 2167 num
369 2102 510 2169 classium
529 2102 601 2187 jura
623 2113 655 2166 et
671 2101 770 2167 officia
791 2101 987 2188 exigerentur
1005 2100 1019 2146 ³
1042 2113 1073 2167 et
1093 2102 1249 2189 insignem

271 2215 349 2281 adeo
368 2214 571 2280 mutationem
592 2214 716 2301 publica
735 2215 893 2280 civitatum
912 2215 990 2279 ratio
1011 2217 1153 2282 universa
1174 2218 1249 2282 sub·

271 2329 367 2393 iisset.
413 2329 454 2393 At
483 2327 611 2414 pristina
642 2327 821 2394 efficacitate
859 2327 1022 2413 spoliatum
1054 2351 1087 2394 sa
1113 2329 1251 2395 maxima

273 2450 361 2526 parte
391 2439 535 2505 ordinum
567 2451 734 2504 conventus
764 2438 880 2504 viderat
909 2460 987 2517 nee,
1017 2441 1043 2505 si
1071 2441 1120 2507 rel
1152 2452 1251 2509 totam

275 2550 459 2627 retinuisset,
478 2571 586 2628 norae,
603 2573 685 2638 quae
698 2551 878 2632 invaluerat,
895 2573 999 2618 rerum
1018 2555 1158 2625 omnium
1174 2576 1251 2620 con·

274 2664 384 2729 ditiobi
414 2662 560 2729 adbibere
589 2686 657 2729 eam
684 2665 777 2730 lacile
808 2665 968 2750 potuisset.
1015 2668 1062 2733 Ac
1094 2679 1253 2754 praetcrea

274 2778 401 2844 deerant
418 2778 454 2842 iis
473 2778 575 2863 plane,
595 2779 709 2866 quibus
733 2779 814 2856 solis,
830 2779 890 2844 nisi
907 2780 1098 2866 probabilem
1115 2783 1251 2848 auetori-

275 2903 369 2958 tatem
398 2902 429 2957 at
458 2892 617 2979 egregium
637 2901 722 2956 certe
739 2889 842 2967 decus,
862 2891 908 2957 bis
930 2893 1023 2958 etiam
1045 2895 1249 2980 temporibus,

274 3042 367 3098 praeter
383 3034 512 3084 solennat
529 3029 644 3092 cuman,
665 3029 752 3092 quibua
768 3039 902 3094 uterentur,
915 3031 1006 3095 jurium
1023 3034 1250 3098 privilegiorumque

274 3143 321 3179 neo
342 3144 392 3177 noa
414 3127 489 3190 ipsius
505 3125 674 3174 territoriolie
694 3126 886 3189 superioritots'r
902 3125 1113 3190 confirmationem,
1130 3129 1252 3178 indultum

274 3220 307 3270 iis
321 3219 402 3282 luerit,
413 3236 444 3268 ne
461 3217 513 3267 ulla
530 3216 562 3265 ad
575 3215 698 3280 inperium
709 3215 852 3280 pertineatis
861 3218 965 3280 negotis,
976 3219 1067 3282 absque
1077 3220 1252 3271 deliberatione

275 3327 330 3360 ou
343 3311 449 3360 statibus
464 3310 574 3359 instituti
591 3324 719 3371 maique
735 3309 859 3372 inpetrato
876 3326 1003 3373 oonaemu,
1013 3311 1038 3360 in
1055 3322 1175 3375 posterum
1187 3331 1254 3378 pera·

274 3413 395 3470 gerentur:
404 3414 455 3453 tura
465 3403 515 3451 alia
526 3403 601 3451 multa
614 3402 640 3451 iu
657 3403 754 3465 gratim
772 3418 853 3451 eorum
870 3403 971 3466 saneim,
988 3420 1089 3466 quorum
1100 3407 1253 3471 praecipuum

277 3496 361 3546 merito
377 3497 442 3547 dieas
459 3496 606 3557 facultatem,
624 3494 697 3543 salvis
714 3494 864 3557 lmperstoris
880 3495 1024 3559 lmperiique
1036 3498 1134 3561 juribus
1150 3515 1179 3548 ao
1195 3517 1254 3564 paee

251 3577 253 3581 ,
277 3591 383 3656 publiea,
400 3590 507 3654 propriae
530 3587 615 3638 utatis
640 3604 705 3651 ergo,
730 3587 851 3637 foederum
874 3589 944 3637 etiarn
960 3606 1015 3639 aaut
1033 3593 1121 3641 exteris
1137 3593 1256 3643 ineundo·

277 3699 340 3732 run.
372 3682 408 3733 tb
425 3682 471 3732 boc
487 3683 560 3746 igitur
575 3681 632 3729 iat·
648 3689 762 3744 ternpore,
779 3682 910 3745 prinoipem
927 3681 958 3730 ad
974 3701 1090 3734 summum
1107 3695 1190 3735 erecta
1207 3687 1256 3736 las·

276 3774 360 3838 aaa·
383 3777 499 3837 poteraut,
524 3783 593 3823 vetus
615 3774 660 3823 illa
676 3773 774 3823 mirifice
795 3774 918 3824 inminuta
943 3776 990 3825 luit
1006 3779 1176 3841 Imperatorum
1198 3783 1255 3832 Ger-

278 3868 422 3918 manicorum
439 3868 578 3918 auotoritas.
597 3867 649 3916 lid.
667 3881 791 3930 ermon,
808 3869 834 3917 l.
852 3869 892 3933 ll,
909 3869 941 3936 §d
959 3868 1010 3921 525
1026 3882 1050 3921 et
1068 3871 1128 3924 526.

316 3960 326 3998 ¹
345 3961 473 4024 marom,
488 3960 502 4025 §
519 3957 579 4010 596.

314 4052 328 4090 2
347 4053 421 4116 ldern‚
437 4052 499 4101 ibid.
515 4051 573 4100 coll.
590 4051 605 4117 5
622 4052 681 4103 544.

314 4146 329 4187 ³
346 4147 420 4212 tusa,
437 4145 497 4195 ibid.
514 4144 572 4194 ooll.
589 4145 623 4210 §b
639 4146 700 4209 544,
718 4147 778 4211 545,
796 4147 855 4197 547.
