2738 4740
674 418 738 481 289

198 602 394 687 superiorum
414 600 644 687 magistratuum
666 621 857 664 consensum.
885 601 1093 664 llemovontur
1113 598 1169 662 de-

198 716 298 801 nique
324 714 363 779 ab
393 712 525 800 eligendi
550 711 697 776 facultate
721 712 813 776 duces
837 712 977 798 stirpium
999 711 1169 777 dominica·

199 848 270 893 rum
284 839 378 913 atque
394 824 545 890 nobilium
556 825 705 889 bonorum
722 845 903 909 possessores
921 825 978 903 illi,
991 829 1095 911 quos§
1108 827 1169 891 129
1198 822 1201 831 “

197 939 339 1007 definitos
356 936 457 1003 videas
474 937 499 1002 ¹.

243 1052 522 1137 Quorumcumque
563 1050 761 1132 circulorum,
799 1050 1007 1128 bsliratuum,
1047 1049 1170 1114 urbium

197 1163 345 1231 electores
361 1164 487 1228 liberam
507 1161 620 1227 habent
637 1163 810 1227 lacultatem
825 1164 872 1226 vel
891 1184 942 1227 eos
957 1161 1036 1227 cives
1054 1161 1170 1248 legatos

199 1275 425 1354 constituendi,
453 1277 508 1362 qui
531 1286 612 1340 extra
634 1275 710 1341 fines
732 1275 907 1360 provinciae
926 1296 998 1339 suae
1016 1273 1171 1352 habitent,

197 1399 271 1453 utut
296 1389 350 1476 qui
377 1389 517 1474 pluribus
542 1388 616 1453 locis
644 1389 759 1454 electus
784 1390 896 1464 luerit,
928 1410 1021 1453 unam
1052 1397 1169 1452 tantum

198 1511 297 1565 raum
313 1500 426 1566 babere
445 1500 536 1586 possit
554 1500 735 1566 electionem
749 1500 774 1567 ².
795 1501 827 1566 si
843 1512 929 1586 pater
939 1511 969 1564 et
984 1500 1065 1565 filius
1080 1501 1171 1565 simul

198 1611 306 1701 legatis
323 1614 438 1678 luerint
454 1614 610 1699 adscripti,
623 1615 681 1678 nisi
702 1626 810 1699 sponte
829 1635 959 1679 munere
973 1635 1006 1678 se
1018 1623 1104 1699 pater
1116 1614 1171 1678 ab·

196 1724 352 1807 dicarent,
377 1725 458 1791 filius
478 1726 650 1792 excluditur
669 1725 694 1794 ³.
723 1727 812 1809 Quae
826 1736 930 1791 autem
948 1727 1038 1791 urbes
1051 1748 1087 1791 ac
1105 1726 1170 1791 loca

198 1836 239 1903 ad
255 1837 421 1904 baliratum
437 1840 769 1926 quemquepertinent,
787 1840 953 1906 electorum
970 1861 1096 1905 suorum
1117 1850 1171 1904 ta·

196 1951 296 2028 bulas,
315 1951 445 2019 simulac
456 1953 591 2016 innotuit
607 1953 643 2015 iis
657 1953 882 2018 convocationis
895 1953 1031 2037 epistola,
1042 1951 1082 2018 ad
1094 1953 1171 2017 bali-

197 2083 270 2127 rum
298 2062 461 2127 mittendas
483 2086 592 2129 curare
621 2073 783 2139 tenentur,
812 2084 874 2149 quo
909 2064 1005 2142 lacto,
1034 2065 1171 2140 balivus,

196 2175 277 2239 intra
290 2173 399 2239 decem
417 2173 455 2238 ad
467 2194 624 2238 summum
640 2173 704 2237 dies
721 2183 883 2261 postquam
899 2174 1055 2260 epistolam
1076 2197 1170 2240 acce-

195 2286 288 2373 perit,
302 2287 458 2353 electionis
472 2286 631 2352 faciendae
648 2297 768 2372 tempus
781 2286 917 2351 indicere
931 2285 1031 2362 debet,
1045 2308 1078 2350 ea
1092 2286 1170 2374 lege,

197 2412 233 2465 ut
243 2397 320 2464 baec
332 2400 366 2463 in
379 2410 523 2493 'octavum
537 2398 575 2464 ad
588 2399 751 2464 minimum
761 2399 844 2465 diem
856 2399 1028 2487 proferatur
1041 2399 1065 2465 ⁴.

240 2513 277 2577 ln
298 2513 486 2576 baliratuum
502 2512 630 2578 urbibus
646 2513 809 2578 electiones
823 2514 939 2579 laciunt
958 2522 1110 2600 quotquot
1127 2512 1171 2577 ibi

197 2636 369 2709 praesentes
391 2625 502 2690 adsunt
523 2626 679 2703 electores,
701 2626 818 2691 tabellis
843 2647 937 2690 manu
961 2625 1097 2710 ipsorum
1120 2627 1171 2690 in·

197 2735 336 2822 scriptis,
360 2749 443 2802 certe
464 2738 577 2824 quibus
606 2737 821 2823 subscriptum,
843 2736 890 2799 vel
918 2736 942 2799 si
966 2737 1097 2801 scribere
1113 2738 1169 2801 ali·

197 2848 252 2934 qui
271 2848 424 2926 nesciant,
444 2851 566 2936 signum
585 2850 678 2926 illud,
704 2872 767 2937 quo
783 2850 1013 2934 subscriptionis
1037 2852 1105 2915 loco
1126 2853 1170 2914 uti

196 2961 423 3039 consueverint,
445 2962 583 3026 additum
605 2963 644 3025 ab
664 2962 701 3025 iis
719 2962 812 3027 luerit
826 2962 851 3028 ⁵.

243 3076 357 3151 Porro,
383 3075 495 3161 quibus
517 3076 644 3139 urbibus
664 3076 717 3159 jus
743 3097 920 3141 conoessum
946 3089 990 3141 est
1011 3077 1168 3162 proprium

197 3190 335 3274 legatum
350 3187 566 3263 constituendi,
581 3188 614 3252 in
633 3188 669 3251 iis
688 3187 745 3252 rite
767 3186 948 3275 peragendis
971 3189 1169 3255 electionibus

198 3320 328 3385 magnus
356 3311 474 3384 praeest
495 3301 627 3378 balivus,
652 3301 798 3386 adjuncto
823 3301 954 3388 collegio
975 3314 1109 3388 quatuor
1131 3303 1167 3366 ad

197 3409 363 3475 minimum
382 3412 496 3477 civium
521 3435 556 3477 ex
575 3414 692 3478 urbano
710 3425 816 3478 senatu
832 3435 869 3479 ac
889 3434 1015 3498 corpore
1036 3413 1170 3490 munici-

199 3524 261 3610 pali
274 3523 467 3591 selectorum.
490 3526 589 3607 Quale
600 3528 766 3614 collegium
781 3527 813 3590 in
835 3527 872 3590 iis
890 3525 1076 3613 regionibus,
1090 3547 1170 3611 quac

169 3694 175 3706 .
198 3636 367 3702 balivorum
382 3638 541 3722 'subjectae
554 3646 628 3704 ‘sunt
643 3640 826 3721 auctoritati,
837 3648 969 3726 quatuor
983 3649 1101 3705 constat
1116 3639 1168 3702 bn·

198 3748 308 3815 litatus
335 3751 462 3815 concilii·
477 3751 582 3830 sociis,
604 3763 670 3817 tum
699 3775 763 3818 uno
784 3776 818 3817 cx
845 3753 962 3818 urbano
992 3752 1170 3838 municipali

236 4008 242 4039 ¹
262 4007 323 4055 nra
341 4009 353 4072 q
373 4005 431 4056 tro.
578 4007 588 4039 ²
608 4006 668 4056 nic
686 4012 698 4073 p
717 4007 774 4056 ltt.
939 4006 949 4038 ³
968 4006 1026 4056 nic
1046 4006 1060 4073 s
1078 4004 1136 4056 trs.

235 4099 323 4149 ⁸nna
342 4102 355 4165 p·
375 4100 431 4151 1rs.
573 4101 689 4167 sutas
711 4101 768 4152 rso.

682 4214 686 4221 ·
958 4200 996 4261 19
