2738 4740
729 434 772 497 26

268 630 386 684 tantum
408 618 585 684 coulereudi
613 619 749 703 modum
766 618 903 703 stipulati
924 617 1041 682 luerint
1064 617 1095 682 ¹:
1119 618 1239 704 equites

266 742 369 797 autem
390 754 482 797 onera
502 730 655 810 militaria,
670 731 784 818 quibus
805 730 862 794 soli
881 730 1016 796 obstricti
1035 728 1238 812 haberentur,

266 845 376 910 diserte
394 844 573 932 imputanda
595 845 652 909 sibi
669 843 765 910 hocce
784 844 911 910 consilio
929 847 1105 910 curaverint
1120 842 1145 910 ².
1168 843 1240 924 Qua

265 959 405 1044 prolecto
432 958 464 1022 iu
494 980 544 1032 re,
577 958 650 1023 lieet
676 957 869 1023 adversantes
899 958 997 1022 ferme
1024 957 1083 1021 sibi
1104 955 1241 1043 reliquos

265 1071 385 1135 ordines
417 1069 579 1135 habuerint
598 1070 628 1146 ³,
661 1069 836 1155 principum
864 1069 933 1135 satis
964 1069 1085 1134 facilem
1118 1066 1240 1154 experti

265 1196 338 1251 sunt
364 1187 571 1258 voluntatem,
594 1185 664 1249 ideo
693 1185 842 1262 maxime,
862 1184 947 1273 quod
974 1184 1020 1249 bis
1045 1196 1145 1249 metus
1166 1183 1241 1248 oriri

265 1298 415 1376 debuerit,
438 1322 489 1376 ue,
508 1300 582 1363 dum
600 1300 690 1385 plura
710 1300 857 1386 consequi
873 1299 1042 1377 studerent,
1067 1300 1240 1386 graviorem

265 1412 357 1477 etiam
377 1413 440 1498 pati
455 1413 620 1497 jacturam,
639 1412 789 1476 nobilium
810 1413 943 1478 alienato
960 1436 978 1478 a
997 1436 1030 1477 se
1048 1413 1162 1488 favore,
1187 1433 1240 1477 eo·

265 1534 413 1609 gerentur
428 1535 567 1611 essetque
577 1524 684 1588 iisdem
697 1547 886 1610 persuasum,
903 1524 1012 1590 exinde
1025 1525 1096 1588 satis
1106 1525 1138 1588 in
1154 1545 1241 1588 suam

265 1657 330 1699 rem
349 1635 503 1722 profluere
521 1637 731 1712 emolumenti,
747 1637 832 1723 quod
849 1637 993 1703 obnoxios
1009 1637 1136 1724 quidem
1151 1635 1241 1723 equi-

265 1749 342 1812 tatui
370 1746 509 1813 homines
541 1750 631 1834 plena
667 1751 724 1814 sibi
757 1762 932 1837 suppeteret
964 1749 1111 1816 onerandi
1144 1750 1241 1813 veeti-

267 1860 387 1947 gulibus
416 1859 541 1924 libertas
571 1861 595 1929 l.
636 1863 744 1949 Neque
774 1865 823 1928 vel
851 1865 908 1950 ipsi
933 1865 1013 1949 juris
1042 1864 1181 1929 doctores
1201 1862 1243 1926 ab

265 1973 445 2058 adjuvandis
469 1973 553 2040 bisce
572 1975 723 2041 nobilium
743 1977 849 2043 studiis
867 1978 982 2042 alienos
1000 1999 1064 2042 sese
1081 1974 1242 2061 praestite-

268 2097 360 2164 runt,
393 2108 474 2174 quae
495 2087 712 2152 communibus
740 2089 817 2154 adeo
846 2090 928 2156 circa
950 2090 1022 2174 jura
1046 2089 1161 2155 civium
1185 2087 1242 2151 uiti

266 2199 410 2263 institutis
436 2220 488 2277 ac,
519 2201 624 2285 paucis
652 2212 771 2266 tantum
799 2213 882 2268 extra
906 2202 1046 2267 ordinem
1069 2199 1244 2266 indicendis

267 2310 401 2388 tributis,
429 2311 545 2398 negligi
576 2324 716 2398 oportere
745 2291 1003 2399 praedicabant
1050 2317 1105 2378 Ast
1135 2312 1243 2377 eadem

267 2422 463 2499 immunitas,
496 2423 585 2488 sicuti
614 2425 719 2510 priscis
747 2427 936 2511 temporibus
967 2426 1154 2491 tolerabilior
1182 2425 1244 2490 hoc

267 2534 359 2599 etium
388 2534 512 2599 nomine
536 2536 712 2615 exstitisset,
735 2539 819 2624 quod
841 2541 873 2603 in
901 2539 1043 2621 militiae,
1068 2561 1148 2626 quae
1170 2560 1244 2625 prae

268 2649 395 2713 caeteris
412 2650 552 2735 equitum
571 2651 671 2715 ordini
687 2653 890 2733 incumberet,
900 2657 1005 2721 venire
1021 2656 1243 2741 compensatio-

268 2783 340 2827 nem
362 2774 554 2846 censeretur,
576 2766 618 2829 ita
640 2767 803 2831 maximam
823 2790 932 2853 parere
951 2769 1058 2834 debuit
1079 2768 1243 2844 invidiam,

267 2885 441 2963 postquam,
463 2876 601 2943 instituto
622 2900 725 2943 versus
744 2881 857 2945 saeculi
874 2881 986 2947 decimi
1008 2881 1129 2966 septimi
1148 2881 1244 2946 linem

267 2999 417 3073 perpetuo
450 2989 609 3074 copiarum
637 2991 824 3077 equestrium
855 3006 1021 3080 apparatu,
1054 3007 1157 3059 vetere
1184 2993 1245 3059 boe
1293 3014 1299 3023 ·

305 3298 316 3336 ¹
335 3301 467 3365 brennone,
484 3304 542 3353 ibid.
559 3305 616 3354 coll.
634 3319 775 3369 naumis,
791 3308 897 3372 Beitr's'ge
915 3326 936 3357 a.
954 3308 1085 3356 Renumirs
1109 3307 1152 3355 der
1176 3309 1243 3355 ltus-

269 3393 347 3443 uobu.
364 3396 589 3447 Lauderxeruamml.
606 3416 630 3461 p.
649 3398 692 3460 47,
710 3416 746 3462 aq.
773 3413 889 3464 munes,
905 3401 935 3449 de
951 3401 1109 3449 Collectarum
1134 3410 1158 3448 et
1175 3416 1245 3449 seru-

269 3488 357 3535 riorum
375 3489 554 3552 provincialium
572 3492 680 3554 origiue,
698 3494 710 3558 p
724 3489 771 3556 143
790 3505 918 3556 serram,
934 3493 1018 3542 Gescb.
1030 3493 1055 3542 d.
1066 3492 1246 3541 furstentliuurs

270 3580 410 3640 lluuuorer,
428 3581 454 3630 t.
474 3584 514 3644 11,
533 3602 556 3647 p.
575 3585 625 3646 54,
642 3602 695 3647 sqq.

306 3668 470 3737 21lxamerx,
486 3677 545 3726 ibid.
561 3687 613 3727 not.
630 3678 653 3734 i,
672 3691 813 3740 usumin,
830 3679 848 3728 l.
867 3680 886 3728 l.
903 3697 926 3742 p.
944 3677 986 3727 ⁴1.

306 3760 466 3829 Uruncis,
490 3769 580 3834 q5l'l,
598 3770 680 3832 ibique
698 3780 748 3819 not.
768 3772 776 3817 l
796 3781 819 3819 et
835 3789 874 3828 ru,
898 3785 989 3833 loen,
1014 3772 1065 3820 lon
1082 3773 1125 3820 der
1141 3771 1248 3821 Laudes·

272 3852 355 3901 boheit
369 3856 394 3902 iu
412 3856 605 3921 Steuersuehen,
624 3880 646 3924 p.
665 3860 729 3919 8293
753 3876 879 3925 semesa,
906 3864 989 3913 Geruli.
1008 3864 1049 3914 des
1067 3865 1248 3915 lsrrsteutbums
1341 3920 1344 3926 ⁴

274 3949 414 4008 Hauserat,
431 3948 459 3998 t.
476 3952 516 4014 ll,
533 3972 555 4016 p.
574 3952 617 4003 61.

308 4040 321 4073 ⁴
338 4039 469 4101 haunein,
485 4042 542 4092 ibid.

309 4130 472 4192 illuminas,
488 4133 546 4184 ibid.
566 4153 595 4186 ac
612 4149 661 4187 sor.
680 4155 713 4202 a,
732 4158 745 4187 o
764 4150 787 4188 er
806 4155 834 4203 μ
854 4155 944 4206 unns,
962 4144 980 4192 t.
992 4144 1009 4193 1.
1025 4144 1117 4193 ibides
1133 4163 1156 4208 p.
1169 4143 1210 4194 sl.
