2738 4740
603 450 644 513 25

144 638 326 704 redundasse
358 632 555 701 existimanda
581 633 661 708 sint,
698 651 778 716 quae
809 652 845 695 er
881 631 937 696 rite
971 641 1112 718 usurpata

142 751 312 817 istiusmodi
337 749 483 815 facultate
502 755 610 831 sponte
627 743 780 830 profluere
797 743 886 809 lacile
905 745 976 830 quis
999 744 1056 810 sibi
1078 745 1112 809 in

142 867 281 932 animum
295 860 458 928 induxerit.
480 857 601 922 Etenim
614 865 767 943 quotquot
776 855 955 921 inferiorum
970 856 1112 922 ordinum

143 978 224 1043 eires
241 977 273 1040 in
297 975 388 1040 rebus
406 972 538 1061 publicis
558 968 748 1037 Germanicis
769 966 827 1034 bac
847 979 944 1033 aetate
958 967 1112 1036 habeban-

144 1101 211 1168 tur,
245 1087 440 1153 rebemeuter
467 1106 592 1173 gravare
611 1104 697 1147 stunc
714 1103 787 1146 cum
804 1081 936 1146 maxime
956 1083 1055 1168 coepit
1076 1083 1113 1146 li-

142 1201 309 1269 berationis
339 1199 417 1265 illud
447 1197 652 1283 privilegium,
676 1194 772 1283 quod,
790 1195 858 1279 jam
887 1194 979 1282 longo
1003 1194 1115 1261 ubbiuc

144 1327 293 1400 tempore,
314 1336 331 1377 a
352 1310 552 1397 vectigalibus
582 1306 748 1394 pandendis
778 1308 932 1394 equitatus
956 1308 1015 1371 sibi
1041 1307 1116 1374 ordo

145 1426 339 1505 ademisset,
350 1423 462 1509 petitae
478 1419 633 1487 donationi
651 1419 828 1505 adstipulari
845 1418 903 1486 bec
919 1431 1037 1485 tanturn
1047 1421 1116 1508 lege

147 1537 266 1613 solitus,
287 1547 322 1600 ut
351 1545 490 1600 exactum
520 1555 586 1598 eam
605 1533 643 1596 iri
662 1555 679 1596 a
700 1532 829 1596 subditis
858 1533 914 1597 sibi
940 1532 1115 1599 bominibus

146 1649 355 1737 permitterent
367 1648 390 1712 ¹.
414 1649 561 1734 Namque,
580 1645 644 1721 ubi,
658 1644 781 1709 mutatis
793 1646 993 1732 temporibus,
1012 1646 1070 1712 alia
1085 1658 1116 1712 et

143 1762 342 1849 publicorum
372 1760 580 1825 institutorum
611 1758 686 1822 ratio
710 1767 740 1822 et
764 1757 1022 1824 administrandae
1042 1760 1116 1825 ciri·

144 1877 213 1941 tatis
242 1872 432 1940 consuetudo
460 1872 650 1936 invaluisset:
681 1870 824 1958 antiquae
846 1872 918 1938 illae
937 1872 1113 1958 precariae,

143 2010 219 2075 quas
240 2010 302 2052 uon
321 1987 379 2050 nisi
398 1997 529 2072 urgente
551 1982 723 2050 calamitate
746 1983 870 2048 decerni
889 2006 907 2048 a
923 1985 1114 2070 principibus

145 2102 237 2165 moris
258 2102 332 2165 olim
352 2100 478 2176 luisset,
502 2107 615 2184 postea,
637 2096 771 2161 exsuctis
794 2118 898 2161 rerum
920 2098 1114 2182 publicarum

144 2213 376 2280 necessitatibus
406 2233 443 2277 ac
472 2219 619 2295 potestate
641 2207 885 2286 moderatorum,
910 2209 1114 2295 vectigalium,

146 2328 178 2392 iu
198 2337 317 2392 certum
335 2323 459 2411 quidem
475 2333 594 2405 tempus
612 2319 798 2385 indictorum
813 2331 845 2385 at
859 2344 1030 2408 numquam
1042 2344 1114 2402 non,

148 2461 185 2505 eo
201 2441 315 2525 elapso,
336 2438 548 2524 repetiturum,
561 2435 720 2521 paullatim
733 2446 764 2499 et
778 2435 909 2521 speciem
931 2449 962 2502 ct
975 2449 1114 2503 naturam

144 2551 312 2616 induissent
338 2550 369 2613 ²:
405 2549 471 2614 lieri
501 2548 573 2613 inde
599 2571 671 2612 sane
690 2547 813 2626 debuit,
838 2561 888 2627 ut,
911 2572 973 2636 quc
994 2553 1115 2639 gravius

145 2665 331 2728 tributorum
360 2662 554 2747 impositione
573 2662 781 2727 contineretur
801 2685 895 2746 onus,
919 2686 955 2729 eo
977 2667 1046 2751 plus
1066 2669 1114 2731 in·

145 2775 298 2843 commodi
314 2775 359 2839 illi
376 2795 491 2850 omnes,
509 2773 621 2858 quibus
638 2773 799 2840 ferendum
818 2775 894 2841 illud
912 2776 1115 2854 incumberet,

145 2912 180 2954 ex
211 2889 399 2975 reliquorum
429 2887 468 2951 ab
495 2908 531 2950 eo
562 2887 754 2973 perciperent
777 2889 980 2957 immunitate.
1025 2891 1116 2972 Quod

146 3000 271 3088 quidem
293 3001 487 3087 privilegium
515 3000 559 3064 sic
580 2999 709 3066 feliciter
730 3002 786 3065 sibi
810 3002 970 3067 retinuisse
999 3003 1117 3088 equites

147 3134 316 3199 eorumque
333 3098 472 3198 exemplo
488 3113 577 3176 etiam
591 3112 761 3197 pontificios
773 3113 957 3197 accipimus,
978 3124 1025 3189 ut,
1036 3136 1115 3202 quo·

147 3227 214 3302 ties,
231 3224 275 3287 illi
292 3223 363 3288 ritui
374 3225 601 3302 convenienter,
617 3224 670 3310 qui
689 3225 720 3288 in
737 3223 856 3309 agendo
871 3246 942 3289 cum
959 3226 1116 3292 ordinibus

146 3337 286 3422 usurpari
306 3333 364 3400 boc
385 3347 520 3423 tempore
541 3337 668 3413 soleret,
693 3337 774 3401 velut
792 3348 882 3422 pacto
902 3360 973 3403 cum
987 3339 1117 3426 singulis

145 3450 295 3527 instituto,
315 3471 480 3536 quamnam
491 3451 638 3536 propositi
654 3450 759 3516 tributi
773 3461 891 3536 partem
905 3453 1117 3540 unusquisque

144 3563 262 3627 laturus
281 3573 357 3628 esset
371 3562 568 3640 definiretur,
593 3563 722 3647 majores
741 3563 786 3627 illi
805 3563 925 3628 ordines
943 3575 1117 3631 constanter

142 3678 176 3741 in
195 3697 282 3741 suam
302 3677 442 3763 gratiam,
461 3687 514 3741 aut
533 3676 658 3742 omnino
666 3676 888 3755 liberationem,
900 3688 953 3743 aut
970 3677 1116 3765 exiguum

143 3867 345 3877 ———.—-—

180 3973 190 4010 1
210 3976 342 4035 Etmanes,
366 3976 379 4039 p
404 3973 472 4033 ott,
490 3973 546 4022 coll.
565 3975 578 4038 §a
598 3970 646 4020 t2b
665 3983 687 4021 ct
704 3973 716 4040 p
736 3971 803 4031 306;
822 3978 964 4037 notamur,
989 3975 1072 4025 derel.
1092 3977 1114 4023 d.

147 4070 223 4131 llrrpr.
245 4069 268 4116 d.
287 4068 389 4130 St'a'nde,
408 4086 429 4130 p.
449 4065 509 4116 652.

181 4159 344 4223 ²Etettttottt,
362 4160 419 4209 ibid.
439 4169 462 4208 et
479 4169 528 4208 aot,
549 4160 560 4206 l
575 4169 598 4207 et
615 4176 638 4222 g.
