2738 4740
571 434 629 494 lll

113 622 196 685 ciens
220 640 290 700 rer,
318 616 445 682 civitatis
470 613 596 702 quidem
630 614 805 679 Borussicae
833 613 958 678 historia
983 612 1085 680 doceri

116 734 172 810 ait,
196 727 358 798 saluta'rom
379 731 527 796 libertatis
547 728 645 794 civilis
666 728 887 805 conditionem,
920 741 986 794 tum
1002 731 1086 814 justo

116 847 214 912 ordini
237 847 384 911 subnixae
414 842 684 910 administrationis
704 843 925 927 perennitatem
948 844 987 907 ab
1005 845 1086 930 ipso-

115 983 183 1025 rum
199 960 362 1025 virtutibus
378 958 584 1042 imperantum
602 977 788 1041 assensuque
806 955 874 1019 iisa
890 957 1086 1040 popularibus

113 1075 274 1157 praestito,
304 1072 342 1136 ad
364 1069 449 1135 huno
468 1091 566 1155 usque
586 1068 668 1133 diem
691 1068 840 1153 ejusmodi
861 1069 1015 1153 repetiisse
1034 1071 1086 1134 tir·

114 1195 320 1261 mamentum,
341 1182 424 1267 quod
445 1182 479 1244 in
501 1190 584 1244 tanta
602 1201 706 1244 rerum
720 1180 1009 1266 institutionumque
1023 1180 1086 1246 hu-

115 1315 276 1359 manarum
305 1292 461 1355 debilitate
494 1301 589 1376 atque
617 1291 820 1356 inconstantia
844 1292 891 1357 vel
912 1293 1088 1358 ullomodo

115 1407 206 1469 liceat
225 1425 361 1488 sperare,
379 1425 487 1467 rerum
508 1402 592 1467 eninr
611 1424 700 1482 vero,
724 1424 787 1488 quo
805 1415 871 1468 tum
890 1402 989 1490 ipsum
1009 1404 1086 1469 illud

117 1516 242 1580 validius
268 1515 358 1580 etiam
389 1515 532 1580 reddatur
559 1516 787 1582 firmamentum
815 1527 846 1581 ct
866 1517 996 1582 fiduciae
1015 1541 1088 1584 suae

117 1649 168 1690 rex
186 1626 300 1691 civibus
314 1629 432 1692 clarum
446 1627 514 1692 edat
530 1627 767 1706 documentum,
790 1640 857 1694 tum
868 1631 1036 1716 posteritati
1052 1654 1087 1696 ea

116 1741 274 1829 principia,
286 1741 323 1807 ad
334 1763 466 1829 quorum
476 1764 615 1807 normam
625 1742 883 1808 administratione
893 1744 1088 1829 reipublicae

114 1856 220 1943 fungi,
234 1877 299 1919 mos
311 1854 475 1942 hucusquo
486 1855 580 1920 luerit
593 1856 717 1944 regibus
726 1858 907 1934 Borussicis‚
922 1859 961 1923 do
972 1859 1087 1927 tuenda

116 1968 227 2033 civium
245 1968 342 2032 salute
363 1969 456 2033 unice
475 1968 625 2047 sollicitis,
648 1969 767 2057 integra
782 1971 1010 2058 ineolumiaque
1025 1984 1085 2038 tra-

115 2081 227 2146 dantur
254 2082 446 2169 solemnique
473 2083 506 2146 in
532 2082 714 2167 scripturam
743 2084 905 2162 relatione,
930 2096 1086 2171 tamquam

115 2193 266 2258 Borussici
296 2192 383 2279 regni
399 2193 451 2277 jus
476 2194 655 2278 publicum,
684 2205 833 2280 perpetua
853 2206 1086 2272 conserventur,

117 2307 284 2374 decrevisse
305 2329 369 2372 sese
391 2307 422 2370 ¹:

163 2422 195 2503 1)
217 2422 258 2485 Ut
287 2419 441 2505 popularis
469 2419 704 2502 repraesentatio
734 2420 910 2484 instituatur
928 2419 962 2500 2;
995 2418 1028 2507 2)
1053 2431 1088 2486 ut

116 2533 245 2618 hujusce
266 2533 384 2598 consilii
404 2531 580 2619 perficiendi
601 2534 714 2621 gratid,
738 2535 868 2600 Ordines
888 2538 1088 2621 provinciales

118 2662 194 2726 tum,
214 2649 268 2714 ubi
287 2649 370 2713 rari'o
390 2670 461 2714 cum
478 2649 552 2733 jure
562 2649 730 2714 etiamnum
745 2651 952 2736 reperiantur,
971 2654 1088 2717 instau-

118 2775 223 2828 rentur
246 2775 482 2851 temporumque
503 2763 670 2828 rationibus
690 2765 976 2842 accommodentur,
999 2777 1088 2841 tunr,

118 2878 173 2941 ubi
196 2899 258 2940 non
279 2877 410 2961 amplius
432 2876 548 2951 adsint,
572 2876 796 2940 constituantur
815 2875 841 2955 3;
867 2875 900 2959 3)
922 2888 957 2940 ut
976 2898 1012 2941 ex
1032 2877 1091 2942 Or·

118 2989 241 3053 dinibus
269 2989 505 3074 provincialibus
534 2988 838 3073 Repraesentantium
864 2989 989 3054 Consilii
1014 3011 1089 3054 coe-

120 3112 167 3164 tus
193 3101 334 3186 eligatur,
357 3100 444 3183 cujus
471 3100 556 3164 sedes
584 3099 718 3164 Berolini
741 3098 917 3163 collocanda
936 3100 968 3178 ⁴3
1003 3098 1034 3185 4)
1056 3112 1091 3164 ut

117 3217 242 3280 illorum
265 3215 394 3280 civitatis
416 3215 673 3280 mandatariorum
703 3217 842 3279 futurum
867 3216 905 3279 sit
927 3214 966 3280 dc
986 3215 1088 3280 omni-

119 3331 177 3394 bus
197 3330 232 3393 iis
255 3329 398 3416 legiterae
419 3330 572 3415 potestatis
594 3329 724 3417 negotiis
743 3330 929 3406 deliberare,
950 3350 1030 3414 quae
1051 3326 1090 3392 ad

119 3442 232 3508 civium
268 3442 437 3527 personalia
472 3444 626 3529 realiaque
658 3442 731 3527 jura
759 3440 944 3529 pertineant,
974 3440 1089 3504 inclusa

120 3557 304 3621 tributorum
327 3553 543 3641 erigendorum
564 3556 707 3621 lacunis
726 3554 757 3634 ⁵3
791 3551 823 3639 5)
854 3565 1003 3640 utquam
1026 3553 1091 3638 pri·

154 3849 163 3882 ¹
181 3853 269 3900 Decret
288 3847 323 3897 22
341 3867 372 3897 m.
390 3851 446 3914 ttrjt
465 3845 547 3909 1815,
564 3864 665 3910 prooem.

153 3944 164 3974 ²
182 3947 271 3996 liceret.
291 3944 324 3994 22
346 3947 401 4009 llaji
425 3943 511 4009 1815,
531 3943 545 4009 d
566 3942 589 3992 l.

155 4036 217 4087 ³ld.
235 4038 323 4089 decret.
341 4039 355 4103 §
373 4036 398 4086 2.
604 4033 614 4066 ⁸
632 4033 666 4083 ld.
685 4032 772 4082 decret.
789 4050 802 4099 q
820 4030 845 4082 3.

156 4126 166 4158 ⁸
183 4129 217 4179 ld.
235 4130 324 4180 decret.
342 4129 356 4195 §
374 4131 398 4176 l.
