2738 4740
640 402 703 466 194

194 586 298 663 elatis,
319 582 499 649 nominandi
520 582 565 649 sie
587 593 751 669 operentur
774 582 974 661 solemnitati,
1004 592 1058 661 ut,
1082 605 1169 671 quae

193 720 284 784 supra
313 696 506 783 exposuimus
528 707 708 782 praecepta,
737 706 888 782 quatenus
915 693 962 759 bis
992 696 1086 761 etiam
1109 718 1168 763 co·

149 811 152 817 ’
192 809 285 875 mitiis
295 831 354 875 usu
369 809 473 874 renire
488 819 624 895 possunt,
639 819 783 875 accurate
792 806 936 895 deinceps
946 805 1168 877 adhibeantur.

192 923 312 1004 Quibus
336 921 520 1000 observatis,
543 921 628 988 irrita
650 923 698 986 rel
722 922 766 987 sic
784 919 948 987 habebitur
965 921 1087 1000 eleetio,
1108 922 1168 987 uisi

193 1045 253 1100 tres
273 1046 358 1101 certe
381 1046 509 1122 qumtae
536 1035 705 1100 electorum
738 1045 856 1121 partes,
878 1033 997 1099 vicariis
1023 1033 1167 1121 legitime

192 1147 353 1233 impeditos
385 1148 615 1234 excipientibus,
636 1146 768 1214 ferendis
787 1146 936 1234 suffragiis
955 1146 1165 1216 interfuerint.

192 1259 449 1348 Quandoquidem
461 1281 543 1339 sero,
559 1260 617 1329 nisi
636 1261 761 1328 electori
780 1260 955 1336 constituto,
974 1259 1165 1346 legationem

192 1394 347 1458 capessere
362 1374 480 1439 nemini
495 1373 700 1459 permittitur,
722 1373 755 1436 in
772 1372 953 1457 scripturam
973 1370 1081 1438 reterri
1096 1392 1166 1436 om·

192 1485 289 1563 nium,
305 1484 417 1574 quibus
427 1487 483 1552 ista
502 1485 631 1552 facultas
642 1485 788 1550 attributa
803 1485 907 1561 luerit,
921 1482 1013 1548 series
1027 1504 1167 1570 cumque

192 1597 320 1685 singulis
341 1598 413 1675 illis,
442 1597 543 1684 pridie
570 1619 666 1685 quam
695 1597 728 1662 ia
750 1596 892 1685 suffragia
913 1594 1058 1662 mittendi
1083 1607 1167 1674 suut,

192 1710 415 1776 communicari
431 1709 561 1793 jubetur
579 1709 603 1772 ¹.

235 1822 342 1884 Restat
373 1831 409 1884 ut
438 1817 612 1884 indicemus
640 1817 781 1884 Rhenani
808 1819 918 1886 circuli
947 1831 1013 1886 tum
1054 1819 1168 1908 oppida

194 1943 258 1998 tum
282 1930 398 1996 rurales
418 1929 670 2008 communiones,
690 1942 851 2016 propterea
873 1931 1021 2018 quodibi
1045 1932 1168 1999 deficiat

192 2045 380 2131 municipale
401 2043 540 2131 regimen
567 2042 694 2108 caeteris
724 2045 758 2110 in
780 2044 944 2129 provinciis
963 2046 1129 2124 usitatum,
1149 2069 1169 2113 a

192 2157 425 2244 magistratuum
448 2167 744 2243 procuratorumque
769 2179 934 2244 congressu
959 2158 1167 2226 creandorum

133 2335 137 2346 ,
192 2272 364 2357 legatorum
388 2269 576 2357 principium
597 2291 658 2335 non
685 2281 837 2356 repetere,
869 2292 974 2335 rerum
1004 2270 1044 2336 ad
1069 2271 1170 2338 infami

94 2437 96 2440 ,
193 2383 304 2469 gradus
329 2383 363 2447 in
393 2382 650 2448 mandatariorum
675 2384 840 2448 selectione
866 2384 988 2450 comitia
1012 2385 1170 2452 universos

189 2491 310 2576 jurium
329 2492 455 2558 civitatis
468 2515 539 2558 rere
555 2505 709 2580 compotes
729 2495 899 2582 municipes
921 2496 1041 2563 admitti
1060 2499 1169 2578 solere,

192 2603 252 2670 boe
282 2625 350 2671 eam
387 2605 449 2669 ritu
482 2605 644 2685 obeuntes,
679 2608 734 2693 qui
756 2610 905 2694 peculiari
931 2632 1024 2696 super
1050 2610 1108 2678 ista
1135 2635 1170 2679 re

193 2717 382 2783 ordinatione
413 2717 624 2808 (Instruction)
652 2719 891 2807 comprehensus
907 2723 1001 2790 luerit
1018 2723 1044 2791 ².

236 2833 357 2918 ltaque,
369 2832 395 2898 si
410 2855 428 2897 a
442 2830 598 2898 Rhenanis
615 2833 745 2899 urbibus
763 2837 930 2915 recesseris,
948 2836 1001 2901 uhi
1016 2859 1035 2902 a
1051 2838 1168 2906 cisium

193 2965 321 3028 corpore
348 2944 498 3029 prolectas
525 2943 604 3009 binis
636 2947 819 3011 concionum
852 2948 1093 3014 solemnitatibus
1129 2950 1170 3016 ad

192 3055 290 3141 ipsam
312 3056 472 3142 pervenire
496 3077 552 3121 nos
570 3068 696 3143 apparet
716 3059 887 3146 legatorum
906 3059 1167 3149 designationem,

194 3190 400 3257 quorumnam
420 3171 504 3235 velut
526 3170 677 3258 graduum
702 3174 913 3252 successione,
936 3196 999 3261 quo
1018 3174 1171 3242 idoneum

196 3282 333 3369 populari
351 3283 525 3349 auctoritati
540 3283 716 3369 imponatur
735 3296 1022 3371 temperamentum,
1042 3289 1172 3355 urbanis

195 3397 228 3461 in
255 3396 381 3461 Basarih
405 3394 581 3459 homiuibus
603 3396 697 3479 juris,
733 3396 772 3462 de
802 3420 865 3486 quo
886 3401 1015 3487 agimus,
1044 3400 1172 3470 delinita

195 3509 289 3598 luerit
306 3506 449 3573 caeratio
471 3506 748 3588 considerantibus,
770 3511 900 3596 patebit,
923 3513 960 3577 iis
983 3512 1111 3600 quidem
1135 3515 1169 3581 iu

197 3620 339 3698 urbibus,
363 3640 443 3706 quae
461 3620 602 3706 propriae
623 3621 763 3687 leuantur
784 3622 901 3691 honore
921 3625 1094 3712 legationis,
1116 3650 1170 3694 co-

196 3733 352 3798 mitiorum
371 3732 479 3797 seriem
497 3755 554 3819 pro
574 3745 661 3820 parte
682 3735 866 3821 triplicium,
890 3759 947 3824 pro
971 3739 1067 3807 altera
1091 3761 1171 3828 qua·

232 4005 239 4036 ¹
259 4003 320 4051 tbid.
336 4005 355 4053 l.
373 4022 395 4054 e.
412 4007 425 4071 p
441 4005 484 4069 26,
502 4007 559 4056 coll.
576 4007 605 4075 §t
621 4006 652 4057 21
672 4018 695 4057 et
712 4007 753 4058 22.

232 4099 242 4130 ²
260 4097 416 4159 Sousamrno,
433 4116 470 4161 ep.
489 4115 510 4149 c.
526 4099 584 4150 ibid.
