2738 4740
678 440 722 505 73

211 626 366 712 adscriptis
384 627 432 692 isti
452 628 587 693 societati
598 628 804 714 principibus,
816 631 870 715 qui
886 632 1057 709 servandae,
1074 654 1177 720 quan·

211 749 276 803 tum
306 740 370 805 fieri
400 740 525 819 liceret,
557 741 700 827 antiquae
725 741 846 804 rationis
872 741 1057 809 ducerentur
1075 745 1176 811 studio

209 873 260 927 ac,
284 853 375 917 sirel
393 864 446 917 aut
466 853 617 939 quaedam
641 855 786 918 innovare
807 865 978 940 tempomm
1000 860 1176 925 necessitate

208 972 328 1027 coactos
357 976 452 1027 semet
486 964 641 1039 riderent,
683 976 738 1029 ant
772 964 848 1030 adeo
878 989 895 1030 a
928 967 1031 1030 multia
1061 969 1176 1034 utiliter

209 1074 406 1140 emendandis
427 1077 484 1161 ipsi
516 1076 643 1139 minime
674 1076 850 1141 exsisterent
881 1079 990 1155 alieni,
1013 1081 1175 1164 praecipua

206 1195 309 1251 tamen
325 1187 404 1270 juris
425 1185 542 1273 publici
562 1187 659 1271 capita
683 1189 850 1253 incolumia
872 1188 1074 1274 relinquenda
1095 1191 1175 1254 arbi·

206 1306 377 1374 trareutur,
413 1297 645 1381 provincialium
684 1300 779 1385 igitur
813 1299 954 1364 ordinum
985 1300 1125 1366 traditam
1158 1324 1174 1366 a

206 1408 373 1491 majoribus
416 1408 651 1494 descriptionem
690 1411 913 1499 privilegioque
952 1425 1174 1479 conservarent.

206 1520 243 1584 ln
262 1518 373 1605 quibus
396 1521 531 1605 primum
551 1521 688 1585 omnium
709 1523 856 1588 Saxoniae
877 1527 1040 1590 memorari
1061 1527 1176 1591 electo·

207 1653 273 1696 rem
303 1643 430 1716 oportet,
450 1657 468 1697 a
491 1633 596 1697 multis
616 1644 773 1719 propterea
801 1635 977 1719 laudatum,
997 1638 1092 1723 quod,
1115 1637 1174 1705 hoo

206 1744 331 1830 quidem
346 1754 492 1830 tempore,
504 1745 535 1808 in
546 1745 688 1810 ordinum
699 1747 839 1822 instituto
855 1749 1024 1834 quidquam
1040 1751 1173 1815 noluerit

204 1854 368 1919 immutare
378 1856 400 1921 ¹.
424 1856 528 1943 Atque
547 1856 625 1921 illud
642 1856 748 1922 tuendi
767 1858 886 1945 antiqui
901 1861 980 1944 juris
996 1864 1171 1947 exemplum

202 1967 334 2031 minores
352 1989 448 2052 prope
471 1989 576 2032 omnes
600 1991 635 2032 er
655 1968 812 2034 adsociatis
835 1974 950 2036 recenti
975 1974 1169 2040 confoedera-

202 2082 278 2145 tioni
303 2080 475 2146 ciuitatibus
506 2082 575 2146 satis
598 2081 762 2169 diligenter
785 2095 905 2148 secutae
933 2087 1127 2170 reperiuntur
1147 2088 1170 2152 ².

197 2213 374 2225 ——-

200 2286 224 2331 p.
238 2266 274 2319 29
289 2278 312 2317 et
328 2286 351 2331 p.
375 2266 418 2331 73,
437 2285 490 2330 sqq.
510 2280 640 2327 ctcnaoan,
660 2267 776 2316 Deutsche
790 2268 881 2316 Staats·
900 2268 948 2317 und
968 2269 1170 2332 lleclrtsgescls.l.

201 2360 241 2422 ll,
258 2359 338 2426 §609
352 2370 376 2408 et
393 2360 406 2425 ᾗ
422 2357 481 2406 616.

237 2452 245 2485 ¹
263 2455 356 2516 naun,
373 2470 410 2516 op.
428 2469 449 2502 c.
465 2471 488 2516 p.
504 2451 547 2512 27,
564 2469 599 2514 sq.
617 2457 706 2515 adalta,
723 2470 761 2515 op.
779 2469 802 2502 c.
819 2455 841 2512 l,
861 2455 881 2512 l,
900 2472 923 2516 p.
944 2452 1002 2515 199,
1021 2472 1058 2517 sq,
1074 2467 1169 2516 massa,

199 2546 285 2595 tleseln
301 2563 324 2594 v.
343 2545 462 2607 sachsen,
478 2546 504 2593 t.
520 2546 571 2606 ru,
587 2563 610 2607 p.
631 2543 690 2606 trs,
703 2561 754 2607 sqq.
774 2558 951 2608 naumann,
970 2548 1114 2597 Stsstsseeht
1128 2549 1168 2597 des

200 2638 296 2702 accip.
311 2638 414 2689 Sanisera
431 2639 518 2704 (Leips.
540 2635 616 2703 1839)
634 2636 661 2686 l.
677 2639 697 2698 l,
714 2638 727 2703 ᾗ
745 2635 787 2687 21.

233 2730 245 2765 l
262 2733 298 2780 lta
311 2732 402 2780 scilicet
416 2731 472 2779 iecit
489 2730 537 2778 dux
554 2731 829 2804 Saxoniaelirnareusis,
840 2732 891 2794 qui,
906 2730 948 2791 vdie
965 2729 999 2781 20
1013 2733 1078 2795 Sept.
1090 2732 1167 2794 180⁹,

196 2825 369 2889 jungendorum
384 2824 540 2884 lintrensis,
558 2825 690 2872 lsnacensis
709 2833 779 2886 atque
798 2824 907 2873 lenensis
926 2833 1038 2873 coetuum
1056 2836 1167 2888 opportu-

199 2921 282 2981 nitate,
306 2920 382 2982 legens
398 2915 517 2980 publicam
534 2917 563 2964 de
584 2917 692 2965 ordinum
712 2918 881 2965 mustitutiona
898 2918 1019 2979 proposuit
1035 2918 1168 2981 ejusmodi,

200 3028 248 3074 qua
263 3012 387 3074 praecipua
404 3010 466 3074 juria
482 3010 574 3073 antiqui
593 3010 679 3072 placita
695 3010 768 3072 magis
784 3009 977 3058 confirmarentur
996 3027 1065 3071 quarn
1082 3011 1168 3059 inruu-

198 3114 314 3153 tsreutur.
352 3104 459 3153 lleteutis
481 3106 551 3166 enim,
575 3120 636 3166 quse
660 3102 783 3166 hucusque
808 3103 837 3150 de
859 3103 930 3151 rebus
954 3103 1056 3165 publicis
1076 3105 1169 3154 consoli

199 3197 372 3258 adsueverant,
389 3196 452 3246 lriuis
473 3197 603 3259 classibus,
630 3196 784 3259 locupletium
802 3195 912 3244 videlieet
930 3196 990 3258 agris
1013 3206 1084 3260 atque
1102 3199 1169 3261 oppi-

198 3291 312 3340 danoruus
335 3300 474 3354 senatuque
491 3290 622 3338 academiae
641 3288 739 3338 lenensi
760 3288 878 3350 proprian
902 3288 1039 3352 designandi
1064 3290 1166 3355 legatum

199 3385 323 3446 facultate,
340 3384 476 3445 cavebatur,
493 3393 519 3431 nt
536 3382 650 3431 duodenis
670 3383 757 3441 sociis,
783 3381 845 3428 senis
860 3397 966 3443 agromru
984 3385 1166 3445 possessoribus,

198 3476 278 3540 quiuis
296 3478 392 3526 urlanis
417 3492 513 3540 unoque
538 3475 632 3524 homine
655 3475 789 3524 academico
807 3476 905 3537 junctus
931 3476 1001 3522 triusa
1024 3476 1165 3525 circuloru-

197 3579 279 3619 coetus
300 3569 362 3620 ieret
380 3569 567 3634 conponendas,
596 3569 711 3618 celebrari
735 3585 792 3616 vero
816 3565 921 3615 eunden
944 3568 1086 3628 quotannis,
1104 3578 1166 3619 stato

196 3672 309 3727 tenpore,
320 3664 360 3711 rel
378 3664 437 3712 eitra
454 3664 566 3726 principis
584 3662 761 3710 advocationem
778 3669 905 3723 oporteret,
925 3675 967 3722 per
981 3660 1097 3724 integrum
1112 3677 1167 3710 sex-

196 3758 305 3806 ceuuiuua
333 3757 429 3805 concilii
451 3758 564 3806 societate
586 3755 675 3818 singuli
699 3754 839 3803 mandatarii
863 3762 1003 3815 uterentur,
1021 3769 1048 3801 ea
1071 3755 1123 3818 lege
1139 3766 1166 3805 ut

195 3850 248 3900 bini
274 3851 375 3915 siugulis
398 3851 466 3900 susis
488 3858 569 3899 esseut
587 3848 715 3896 decessuri.
760 3848 890 3909 Caeterum,
916 3848 941 3895 iu
961 3848 1056 3911 juribus
1081 3850 1164 3911 ausu,

195 3945 353 4007 auctoritate,
373 3944 453 3994 officiis
475 3943 558 3993 homar
580 3943 711 4005 legatorum
728 3941 868 3990 definiendis
896 3942 968 4004 nagia
987 3942 1012 3989 id
1028 3951 1105 3991 saturn
1127 3944 1166 3992 ri-

195 4039 281 4101 detur,
306 4049 333 4088 ut
362 4039 464 4103 punina
486 4039 549 4102 juris
578 4034 709 4084 Germanici
734 4044 857 4098 praecepta
884 4034 1070 4096 riudicsrcmnr,
1094 4052 1164 4098 quan

196 4149 283 4181 aornar
300 4131 412 4194 principis
430 4131 542 4196 potestati
562 4129 702 4192 adjiceretur
725 4128 903 4178 tmsnentnn.
933 4130 958 4177 l.
975 4129 1114 4179 Gomtitntio
1127 4129 1165 4177 ti·
