2738 4740
607 440 665 506 151

151 619 332 706 suppeditat,
350 619 432 685 unde
446 619 528 705 apud
552 630 676 707 gentem
689 594 864 684 Bararicam
885 618 983 683 omnis
1004 638 1114 682 neces-

151 734 229 797 sario
249 731 379 819 hujusce
406 730 580 820 argumenti
605 730 760 796 derivetur
782 729 938 815 expositio.
983 730 1114 811 Qualem

152 867 206 910 nos
217 867 272 932 pro
289 845 403 908 viribus
413 843 605 922 elaboraturi,
622 864 728 929 ageos
742 842 876 927 primum
894 863 1125 916 recenseamus,-

151 978 230 1043 quae
259 957 298 1021 de
327 955 470 1022 ordinum
505 955 593 1020 suciis
617 953 878 1040 delegationisquo
906 950 1116 1035 suscipiendae

151 1068 375 1134 conditionibus
402 1067 527 1133 delinita
546 1068 617 1152 lege
639 1066 762 1152 publica
784 1067 918 1130 luerunt.

604 1204 678 1288 §a

217 1336 268 1402 Ber
288 1338 438 1402 ordinum
460 1341 560 1403 sociis
578 1338 749 1403 uomendum
771 1339 872 1427 legem
886 1337 1051 1425 publicam

534 1456 617 1516 anni
639 1455 735 1518 1818.

196 1625 320 1690 Duobus
337 1626 442 1704 titulis,
454 1627 510 1696 v1⁰
522 1628 640 1694 scilicet
659 1638 752 1715 atque
767 1628 848 1704 vlu,
863 1637 960 1692 totum
976 1624 1061 1690 huno
1076 1623 1115 1688 dc

153 1736 308 1803 ordinibus
332 1739 435 1804 locum
452 1739 627 1805 absolutum
651 1742 834 1826 reperimus,
856 1760 987 1826 quorum
1006 1737 1118 1822 priori,

151 1851 363 1938 inscriptione:
397 1851 610 1939 decongrcssu
638 1852 780 1918 ordinum
808 1852 881 1941 (ron
907 1852 962 1917 der
988 1850 1118 1917 Soando-

152 1960 387 2051 rerssmmlung)
403 1965 554 2030 sociorum
571 1965 646 2030 ratio
660 1965 801 2032 universe
818 1963 1009 2041 describitur,
1021 1965 1118 2028 altero

146 2075 216 2159 jura
254 2085 347 2162 atque
384 2076 483 2142 officia
523 2076 700 2141 eorumdem
736 2087 878 2142 accurate
914 2085 1118 2160 exponuntur.

150 2190 345 2275 Quamquam
360 2187 420 2254 hoc
434 2190 546 2275 ipsum,
570 2200 757 2254 conventum
777 2186 922 2253 ordinum
941 2187 1116 2252 institutum

149 2301 206 2379 iri,
229 2323 349 2367 causam
375 2301 466 2365 totius
498 2313 639 2366 acturum
670 2302 814 2379 civitatis,
844 2302 877 2366 in
905 2301 993 2366 binos
1015 2311 1119 2365 tamen

151 2423 254 2478 coetus
277 2412 538 2491 distribuendum,
561 2414 691 2480 alterum
719 2415 781 2479 tuit
806 2413 1023 2479 rmirersalium
1049 2413 1118 2478 illo·

151 2546 221 2589 rum
241 2526 443 2610 placitorum,
465 2524 535 2591 ideo
559 2525 619 2613 legi
638 2526 781 2611 publicae
804 2525 1018 2613 praefixorum,
1039 2546 1117 2613 quo·

151 2639 232 2703 nium
250 2639 298 2702 isti
315 2651 469 2725 tamquam
483 2638 683 2705 fundamento
698 2642 865 2728 superstrui
880 2641 999 2728 reliqua
1013 2641 1115 2706 omnia
1149 2668 1152 2675 ⁴

146 2751 225 2837 juris
246 2763 409 2838 praecepta
429 2751 605 2818 debuerunt
621 2752 644 2818 ¹.

193 2866 331 2930 Duorum
350 2875 505 2943 coetuum,
525 2866 637 2952 quibus
653 2864 827 2931 cfficiuntur
846 2864 1047 2948 reipublicae
1064 2884 1115 2928 co·

151 2976 246 3052 mitia,
273 2977 357 3061 prior
374 2978 603 3041 consiliatorum
621 2988 667 3041 cst
688 2977 776 3063 regni
795 2972 1015 3063 (Reiohsruhe)
1033 2972 1116 3038 dele·

153 3097 293 3172 gatorum
313 3086 573 3176 (Abgeurdneten)
592 3089 671 3153 ulter
689 3088 713 3155 ².

195 3196 425 3264 consiliatorum
446 3200 533 3288 regni
550 3211 665 3277 coetus,
686 3200 719 3264 in
735 3220 827 3286 quem
839 3196 970 3284 hujusce
985 3198 1117 3264 instituti

152 3310 368 3377 convenienter
384 3322 510 3377 naturae
530 3312 683 3400 principes
702 3323 822 3379 tantum
840 3313 872 3376 iu
890 3311 1012 3377 civitate
1027 3311 1117 3388 sirus,

152 3424 214 3488 sire
236 3424 355 3511 generis
375 3426 556 3491 excellentes
580 3427 755 3506 nobilitate,
777 3426 841 3492 sire
860 3425 1008 3503 muneris,
1032 3425 1116 3512 quud

151 3549 273 3624 gerunt,
290 3538 503 3623 amplitudine,
526 3542 592 3606 sire'
612 3541 728 3608 collatis
746 3542 780 3607 in
804 3562 868 3606 rem
886 3540 1043 3626 publicam
1059 3539 1117 3604 he-

151 3648 286 3729 neficiis‚
308 3650 435 3719 adscisci
451 3654 504 3739 jus
536 3667 596 3733 est,
624 3657 720 3721 socios
747 3653 839 3720 habet
864 3654 955 3731 ahos,
981 3672 1115 3741 quorum

151 3763 236 3849 genti
258 3763 417 3830 tralatitius
443 3764 572 3851 hujusce
590 3765 714 3833 honoris
732 3788 891 3835 concessus
913 3777 958 3832 est
978 3766 1115 3845 fructus,

188 4021 193 4053 ¹
212 4023 336 4072 Constitut.
350 4022 376 4071 d.
393 4021 428 4070 26
445 4024 500 4087 llaji
516 4020 591 4072 1818.
607 4023 653 4072 tir.
668 4026 689 4087 l,
709 4021 760 4092 §2

186 4114 195 4145 ¹
214 4116 273 4164 nia
291 4119 318 4166 r.
334 4118 372 4178 u,
389 4117 402 4182 p
422 4115 443 4164 1.
