2738 4740
75 4268 171 4462 N

739 445 801 510 124

330 623 416 689 ldem
438 624 516 690 volet
536 623 576 690 de
594 625 749 690 Borussid:
767 635 902 691 attamen
921 645 956 689 ea
979 622 1108 710 hujusce
1125 625 1252 711 provin·

286 738 351 805 ciue
360 747 405 803 est
414 736 508 817 ratio,
522 747 559 801 ut
569 737 720 825 equitatus
736 736 851 814 ordini,
867 746 986 822 praeter
1000 735 1116 822 equites
1127 737 1252 822 proprie

284 851 329 916 sie
343 850 454 929 dictos,
469 847 552 915 aliud
562 871 687 937 quoque
697 849 883 935 adscriptum
899 849 937 913 sit
950 869 1094 937 agrorum
1111 851 1253 936 proprie-

285 961 431 1028 tariorum
452 983 564 1049 genus,
575 962 780 1028 Colmensium
791 961 927 1040 scilicet,
942 959 976 1026 in
992 961 1114 1048 quibus,
1127 973 1163 1026 ut
1177 963 1252 1047 jure

285 1072 427 1140 ordinum
443 1075 513 1160 quis
529 1084 644 1153 utatur,
666 1072 819 1160 possidere
838 1094 910 1137 eum
929 1094 1050 1138 necesse
1067 1074 1120 1137 sit:
1136 1073 1170 1160 a)
1187 1085 1249 1139 ter-

286 1207 351 1252 ram
368 1187 570 1264 culmensem,
587 1186 666 1252 senis
680 1185 811 1273 praediis
827 1185 1035 1252 culmensibus
1063 1196 1251 1251 constantem

284 1297 350 1386 agri
366 1299 537 1386 vectigalis,
551 1299 607 1386 qui
626 1320 689 1365 non
703 1321 782 1386 pago
799 1298 893 1365 alicui
909 1297 1029 1364 additus
1045 1298 1085 1364 sit
1101 1321 1185 1385 pars,
1198 1299 1251 1363 sed

282 1413 407 1498 pmprio
416 1433 471 1476 suo
480 1412 817 1498 complexucenseatum
829 1409 962 1497 d)alium
972 1411 1150 1497 ampliorem
1161 1411 1251 1476 etiam

283 1545 409 1611 agrurn,
429 1524 536 1590 eodem
551 1546 588 1591 sc
598 1536 788 1591 memoratus
801 1524 964 1591 culmensis
988 1525 1178 1610 possessionis
1199 1547 1253 1612 ge-

284 1658 373 1715 nere3
399 1658 532 1722 quorum
553 1638 610 1703 sub
625 1662 649 1704 a
671 1650 701 1703 et
720 1639 739 1703 d
755 1637 961 1705 iudicatorum
981 1638 1135 1703 bonorum
1161 1639 1251 1702 series

286 1745 449 1835 (Matrikel)
465 1747 654 1814 conficienda
664 1749 827 1836 regiaeque
841 1748 1053 1837 adprobationi
1064 1749 1251 1834 subjiciendu

278 1860 408 1946 jubetur
418 1860 440 1928 ¹.
489 1861 645 1949 Denique,
665 1864 698 1927 in
724 1862 880 1928 Rhenanis
905 1863 1067 1949 provinciis
1096 1873 1127 1928 et
1145 1864 1251 1927 West-

280 1972 385 2061 pharis
397 1974 563 2061 requiritur
580 1986 635 2041 aut
648 1977 803 2062 possessio,
814 1976 894 2041 intra
909 1975 1107 2061 provinciam,
1121 1975 1248 2060 praedii,

281 2090 322 2155 ab
343 2088 477 2176 equestri
497 2088 618 2175 imperii
644 2090 751 2156 ordine
768 2087 896 2156 antehac
918 2089 1057 2174 occupati
1078 2088 1193 2172 jurisve
1214 2088 1250 2153 in

280 2200 499 2285 provincialem
530 2201 671 2268 veniendi
707 2212 892 2269 conventum
920 2199 1116 2288 capacitatem
1144 2200 1250 2286 largiti

281 2312 380 2408 (eines
408 2314 514 2380 irssher
546 2313 928 2382 reichsritterschaitlichen
963 2313 1036 2380 oder
1063 2311 1250 2397 landtagsis's-

280 2423 375 2510 higen
394 2425 484 2510 Guts)
508 2425 597 2511 cujus
622 2426 746 2492 nomine
769 2425 925 2512 praediale
951 2425 1101 2491 tributum
1118 2435 1248 2511 quotan-

280 2535 328 2600 uis
354 2535 486 2600 solvatur
511 2536 699 2603 tholeromm
718 2540 908 2627 septuaginta
929 2538 1086 2624 quinque:
1104 2549 1157 2603 aut
1173 2538 1249 2603 atius

281 2646 439 2732 cujusdam
456 2648 522 2735 agri
536 2649 659 2735 majoris
673 2652 763 2735 spatii
778 2651 959 2728 dominium,
976 2651 1059 2737 regia
1069 2651 1248 2716 auctoritate

279 2758 403 2825 alterius
430 2759 543 2825 ordinis
567 2760 691 2845 juribus
719 2762 920 2831 adnumerati.
963 2763 1121 2829 Caeterum
1156 2763 1249 2851 hujus

279 2872 393 2959 pariter
410 2872 523 2938 ordinis
541 2873 694 2939 bonorum
709 2874 800 2941 series
820 2875 945 2960 publice
964 2877 1132 2962 conscripta
1154 2878 1212 2941 fuit
1222 2877 1246 2944 ².

322 2984 501 3052 Communia
512 3007 584 3051 vcro
597 2987 739 3052 omnihus
752 2987 914 3073 provinciis
930 2987 1006 3054 haec
1026 3000 1098 3055 sunt
1120 2990 1244 3075 placita:

210 3146 213 3151 .
282 3102 314 3161 1⁰
330 3108 364 3161 ut
382 3097 448 3184 agri
469 3099 615 3186 equestris
638 3100 671 3164 in
693 3100 751 3166 alia
771 3100 928 3186 provincii
948 3111 1041 3187 atque
1063 3100 1094 3165 in
1116 3123 1177 3189 qua
1197 3103 1247 3187 jus

279 3207 420 3274 ordinum
456 3210 537 3297 quis'
552 3212 591 3276 sit
623 3213 829 3291 exerciturus,
861 3212 1043 3298 possessione
1072 3211 1247 3280 decennalis

279 3320 441 3407 requisitae
462 3323 653 3407 proprietatis
673 3323 806 3409 suppleri
823 3324 916 3410 possit
933 3323 1068 3390 desectus
1086 3324 1114 3388 ³:
1147 3330 1189 3393 2⁰.
1213 3338 1247 3391 ut

278 3443 432 3520 nequeunt
451 3430 651 3520 quicumque,
671 3434 704 3499 in
720 3457 754 3499 rs
768 3445 822 3499 aut
839 3436 1039 3501 ecclesiastica
1051 3446 1105 3500 aut
1121 3438 1245 3502 militari

277 3558 331 3611 aut
349 3545 431 3613 cirili
454 3568 568 3612 munus
589 3547 714 3633 aliquod
733 3556 892 3634 gerentes,
920 3547 987 3634 agri
1007 3550 1153 3634 equestris
1173 3571 1243 3636 pos·

313 3849 321 3882 ¹
340 3851 388 3900 [ox
406 3850 435 3899 de
455 3851 550 3900 Boron.
567 3851 580 3917 ᾖ
597 3849 622 3900 7.

310 3942 321 3975 ²
338 3943 387 3992 tu
402 3941 432 3991 ds
448 3943 525 3994 ntes.
542 3960 577 4008 pr.
593 3946 606 4010 d
623 3942 656 4006 ⁸,
672 3945 703 3993 de
730 3945 833 4009 westph.
850 3946 863 4011 q
880 3944 905 3994 8.

294 4033 322 4098 ,³
338 4034 424 4084 Lexds
439 4035 524 4086 Brund.
540 4036 554 4103 ᾗ
570 4035 601 4099 8,
614 4037 644 4085 de
661 4038 755 4087 Bornos.
770 4039 784 4105 q
798 4036 824 4102 8,
841 4037 871 4086 ds
886 4037 975 4087 Pomer.
995 4035 1050 4104 §8,
1068 4037 1097 4086 de
1114 4038 1189 4087 Ithen.
1208 4056 1241 4102 pr.

277 4125 337 4191 po,
355 4128 384 4176 de
399 4126 503 4191 westph.
520 4128 535 4195 p
551 4127 578 4191 9,
596 4129 625 4178 da
643 4132 714 4181 Pom.
732 4131 747 4197 ᾗ
764 4129 790 4193 8,
808 4131 837 4180 de
854 4132 908 4182 Sex.
924 4128 970 4198 58.
