2738 4740
715 473 756 537 to

246 655 505 723 consociationem
537 655 756 731 etlormabout,
794 655 882 739 cujus
911 664 1044 716 tutorem
1072 674 1110 715 ac
1141 651 1225 713 velut

245 780 450 856 protectorem
463 771 563 854 ipsum
579 781 780 856 agnoscentes
793 787 1018 833 aurocrorum
1031 765 1052 840 ¹,
1073 764 1224 847 ejusmodi

245 887 276 949 in
296 883 381 949 bunc
397 885 468 968 jura
487 884 629 948 conterre
648 906 714 947 sese
736 881 942 957 declarabant,
955 879 1069 966 quibus
1085 879 1110 941 is
1124 878 1226 940 maxi-

244 1017 326 1061 mam
346 997 385 1060 de
405 997 624 1061 communibus
648 996 739 1060 rebus
760 992 942 1079 disponendi
962 993 1136 1056 libertatem
1155 989 1225 1054 adi-

243 1107 448 1193 pisceretur2.
478 1110 584 1190 Quum
606 1110 688 1173 enim
707 1109 805 1184 nulla,
826 1107 884 1170 nisi
901 1104 1078 1190 conjunctis
1098 1101 1225 1179 viribus,

243 1232 437 1306 suscepturos
469 1244 501 1285 se
529 1222 610 1286 bella
643 1221 859 1306 promitterent
876 1218 900 1298 ³,
924 1228 1079 1305 quantum
1105 1238 1179 1280 vero
1208 1238 1227 1278 a

242 1354 369 1419 quoque
401 1335 484 1398 socio
513 1335 671 1419 copiarum
696 1335 807 1399 instrui
839 1332 878 1398 ad
904 1333 1026 1396 bollum
1055 1328 1227 1416 gerendum

241 1456 406 1529 oporteret,
422 1448 488 1532 ipso
499 1447 714 1512 foederationis
729 1456 820 1532 pacto
836 1445 950 1509 diserte
968 1442 1194 1508 constituerent
1204 1440 1228 1515 l,

241 1554 335 1621 iidem
370 1570 473 1622 tamen
510 1581 610 1636 arma,
647 1559 771 1624 nonnisi
804 1557 844 1624 ad
873 1560 999 1641 jussum
1031 1554 1226 1628 Protectoris‚

241 1667 394 1752 corripere
405 1669 462 1733 sibi
479 1671 637 1734 liciturum
651 1671 862 1737 decernebant
870 1669 894 1746 ⁵,
905 1681 973 1733 tum
986 1669 1018 1731 in
1031 1666 1098 1731 aliis
1109 1664 1226 1738 multis,

235 1777 358 1860 juribus
378 1778 463 1845 bunc
486 1783 659 1868 praecipuis
678 1783 885 1859 exornabant,
911 1800 1047 1868 quorum
1073 1777 1133 1843 hoc
1159 1799 1225 1841 me·

240 1889 297 1953 rito
317 1889 430 1955 dixeris
450 1895 674 1979 gravissimum,
698 1896 784 1983 quod
805 1897 839 1961 in
860 1904 1027 1969 conventu,
1052 1891 1145 1956 rebus
1167 1911 1226 1953 so-

241 2000 360 2066 ciorum
390 2006 614 2088 pertractandis
636 1988 862 2074 Francoturtao
883 2005 1026 2072 babendo
1051 2005 1075 2081 ⁶,
1112 2001 1227 2088 agendi

240 2111 496 2203 deliberandique
514 2130 616 2205 partes
642 2122 736 2208 longe
759 2120 927 2208 primariae
952 2118 991 2184 ad
1013 2137 1087 2183 eum
1107 2115 1229 2180 delere-

241 2225 377 2290 bontur⁷
396 2251 432 2292 ac
443 2231 594 2316 Principis
605 2233 746 2298 Primatis
758 2231 1064 2314 (Arcbicancellarii)
1080 2227 1230 2316 praesidis

240 2335 350 2400 horum
371 2340 567 2404 comitiorum
597 2344 726 2429 singulis
747 2345 940 2430 temporibus
964 2342 1081 2420 futuri,
1110 2341 1151 2405 ab
1174 2340 1230 2404 illo

276 2663 285 2696 ¹
303 2669 355 2714 tot.
372 2666 442 2715 conl.
458 2668 535 2718 ltlren.
553 2672 604 2721 Art.
624 2671 666 2722 12.
699 2675 736 2724 Cl.
753 2682 860 2739 seusu,
878 2680 904 2728 0.
923 2680 955 2727 a.
973 2678 999 2727 sl.
1019 2681 1046 2730 1'.
1064 2681 1092 2728 n.
1109 2682 1123 2747 p
1140 2679 1183 2728 sl.

274 2752 285 2786 ¹
303 2757 412 2821 Kadasa,
429 2777 468 2824 op.
486 2763 505 2809 l.
523 2762 538 2826 t
554 2763 585 2811 tl
605 2774 629 2813 ss
648 2764 700 2823 423
718 2781 932 2833 naoamssscssa,
950 2788 990 2834 op.
1008 2772 1075 2839 l.§§
1086 2768 1130 2833 88,
1144 2780 1230 2832 noce,

239 2847 274 2896 9⁵
291 2857 315 2896 ss
329 2846 373 2897 97.

274 2938 285 2971 ³
301 2945 355 2989 Act.
371 2942 439 2990 Conl.
456 2943 532 2994 ltlren.
551 2951 603 2997 Art.
620 2947 663 2998 35.

273 3029 285 3062 ⁸
301 3035 353 3081 lot.
367 3033 435 3084 conl.
445 3037 524 3087 lllren.
534 3041 585 3088 Art.
596 3039 638 3090 38.
655 3043 689 3090 (ll.
700 3048 809 3106 ῑιΐιιιι,
819 3046 921 3098 Staatsr.
930 3048 955 3097 d.
965 3048 1072 3099 ttlsiats.
1082 3052 1096 3118 d
1107 3048 1168 3114 131,
1177 3068 1232 3114 sqq.

242 3132 448 3189 anonumum,
466 3147 504 3192 op.
523 3131 633 3197 1.§97,
651 3144 702 3183 not.
719 3135 745 3184 sl.

276 3210 357 3262 Ποῖ.
377 3218 446 3266 Ceut.
472 3220 550 3269 ltlren.
574 3225 627 3272 tat.
646 3223 694 3273 ³6:
721 3227 893 3277 sl'tssnssnent
917 3247 949 3279 no
965 3248 1020 3280 sera
1036 3234 1140 3283 affectat
1158 3239 1233 3298 qn’an

242 3305 404 3364 ooastqnenoe
428 3305 502 3359 sl’une
527 3314 655 3365 invitation
682 3319 791 3368 adressto
818 3339 861 3383 par
879 3323 906 3371 S.
925 3326 957 3373 ll.
975 3327 1127 3391 l'llnsperenr
1144 3340 1169 3379 et
1187 3331 1234 3379 lloi

243 3395 257 3438 st
273 3390 378 3443 clrsouns
395 3398 436 3447 des
453 3403 589 3463 puissances
607 3409 721 3459 atlites.”
748 3413 783 3460 Gt.
802 3418 910 3476 nabsan,
928 3418 954 3466 0.
973 3419 1004 3466 a.
1022 3419 1047 3467 sl.
1065 3421 1094 3469 T.
1109 3422 1138 3469 B.
1156 3419 1234 3487 912,

243 3477 340 3530 Stsatsr.
365 3485 390 3534 3.
415 3490 631 3560 Rheinb.§124,
657 3519 710 3565 sqq.
738 3513 763 3551 et
780 3505 794 3570 ᾗ
811 3504 860 3567 33,
887 3517 939 3558 not.
958 3511 989 3567 b;
1010 3524 1235 3577 noummn,

243 3584 283 3629 op.
300 3572 319 3617 l.
336 3575 349 3636 §l
364 3573 409 3638 97,
427 3591 478 3630 not.
496 3600 519 3634 o.

279 3653 358 3708 ⁶aer.
375 3666 441 3716 eunt.
459 3673 535 3724 Rhea.
553 3682 614 3728 asts.
632 3680 659 3742 6,
673 3682 702 3746 9,
713 3682 779 3734 loss
790 3685 831 3736 11.
867 3690 904 3740 Gt.
922 3707 1137 3762 asrnmasscnu,
1156 3717 1196 3763 op·
1215 3701 1235 3750 l·

247 3740 319 3804 §9⁶3
338 3756 440 3817 titana,
457 3761 555 3813 Staatsr.
573 3769 596 3815 d.
614 3772 718 3823 nteiab.
735 3779 748 3842 tl
764 3776 808 3839 93,
827 3797 882 3845 sqq.

280 3829 362 3896 'trs-
387 3845 436 3892 aa.
455 3849 485 3897 11
508 3859 560 3904 ses.
582 3860 650 3909 cons.
672 3864 749 3914 nasa.
778 3867 842 3918 unas
869 3874 962 3924 seuam
987 3880 1167 3931 manaseas..
1196 3885 1236 3932 vi-

245 3916 315 3965 detur
338 3931 387 3973 tuns
411 3946 576 3994 convocandae
600 3951 697 4003 Disetse

249 4014 297 4053 m
717 3959 757 4019 jus
778 3978 851 4022 penes
868 3967 947 4015 solurn
966 3971 1130 4022 Protectorena
1149 3978 1239 4038 luisse,

306 4014 376 4069 ,nisi
392 4034 421 4066 eo
436 4038 541 4093 anctore,
560 4036 624 4086 hand
643 4045 693 4093 ulla
711 4048 737 4096 in
754 4067 782 4098 es
799 4062 938 4115 pertractari
957 4067 1052 4127 negotia
1071 4068 1182 4119 licuisse.
1208 4075 1236 4122 l.

250 4107 452 4171 “nutat-scm,
471 4116 484 4178 ql
501 4118 543 4168 97.
562 4126 682 4182 Caeterum
700 4152 833 4193 conventus
851 4147 896 4198 iste
915 4150 1012 4205 babitus
1030 4175 1162 4223 nunquam
1178 4165 1234 4213 luit.
