2738 4740
608 455 666 519 121

199 650 236 714 ln
253 648 404 715 Ordinum
425 646 625 713 conventibus
645 667 718 710 oum
739 646 849 730 reliqui
870 668 973 714 omnes
1000 647 1120 714 ordines

35 790 40 799 ·
156 771 248 849 atquo
262 760 374 827 clnsses*
389 780 445 845 per
459 759 574 846 legulos
591 779 609 824 a
630 779 693 822 sese
713 756 823 822 electos
841 759 944 824 venire
956 759 1087 827 debeant
1095 761 1119 842 ¹,

156 874 282 959 capitoli
302 872 620 959 Brandonburgensis,
644 870 916 957 merseburgensis,
944 872 1120 939 Naumbur-

156 986 270 1075 gensis,
296 986 329 1048 in
343 994 571 1070 procuratorem
591 980 906 1070 (Berollmsohtigten)
929 1005 965 1047 ex
982 1006 1038 1050 suo
1057 987 1120 1051 ool-

155 1097 238 1187 legio
248 1097 453 1180 desumptum,
470 1093 644 1160 considendi
653 1104 831 1179 potestatem
842 1094 1002 1160 transferre
1016 1106 1121 1164 tenen·

156 1221 208 1273 tur
220 1209 245 1273 ².
268 1208 520 1272 Immediatorum
530 1227 602 1271 reso
620 1206 769 1270 nobilium
782 1204 842 1271 hoo
857 1216 903 1271 est
916 1207 1120 1295 privilegium,

158 1330 194 1384 ut
215 1319 327 1405 singuli
354 1328 521 1382 conventus
550 1317 692 1383 societate
715 1327 851 1395 utantur,
876 1317 1061 1404 simulatque
1083 1322 1123 1386 sd

158 1429 424 1514 majorennitatem
444 1429 658 1515 pervenerint,
675 1429 718 1494 sio
736 1440 838 1494 tamon
858 1440 903 1508 nt,
920 1430 945 1494 si
958 1432 1072 1499 sontica
1087 1434 1124 1498 iis

159 1550 300 1626 suppetat
312 1539 467 1607 absentiae
478 1561 586 1620 causo,
598 1540 774 1631 considendi
788 1541 840 1626 jus
855 1541 998 1608 mandato
1010 1546 1125 1629 possint

159 1652 339 1731 transferre,
362 1651 424 1717 sire
439 1653 473 1716 in
501 1651 595 1716 alium
623 1672 717 1738 quem
737 1650 977 1740 degentem,
1003 1655 1066 1722 sire
1090 1657 1125 1723 in

158 1765 274 1831 socium
290 1763 403 1829 ordinis
418 1765 571 1850 equitatus
583 1761 607 1829 ³.
631 1767 732 1852 Atque
744 1764 797 1830 illa
807 1766 935 1832 facultas
944 1768 1125 1835 Putbussnsi

158 1881 192 1945 in
210 1877 389 1944 Pomeranid
399 1877 539 1964 principi,
557 1877 629 1944 licet
645 1879 800 1965 equitibus
820 1878 988 1966 adscripto,
1001 1895 1125 1969 propter

158 1990 348 2082 gentilicium
367 2002 480 2074 umen,
499 2011 563 2077 quo
582 1990 693 2078 gaudet
710 1990 901 2075 majoratum,
914 1993 1125 2077 paritercom-

157 2116 260 2193 potere
276 2104 399 2187 dicitur,
416 2104 445 2168 ai
460 2124 532 2167 roro
550 2101 696 2188 impedito
710 2105 1125 2188 procuratorsubstituendus

159 2215 385 2303 essealiquisde
396 2215 513 2280 selectis
524 2213 720 2279 Pomeraniae
730 2216 897 2279 Anterioris
906 2218 1007 2282 Nosse
1016 2221 1125 2285 aollu-

159 2351 256 2417 genae
282 2327 437 2414 equitibus
452 2327 478 2395 ⁸.
521 2328 565 2390 Ex
589 2325 743 2392 Posniensi
774 2349 845 2393 vero
872 2330 1010 2415 equitatu
1035 2332 1125 2399 rica·

160 2442 240 2506 rium
265 2441 323 2505 sibi
348 2439 525 2527 designandi
546 2439 672 2505 saculos
701 2439 833 2526 principi
859 2441 1125 2512 Thurno'l'axensi

159 2564 310 2640 perpetuo
340 2563 384 2618 est
419 2574 576 2630 concessa,
615 2574 687 2618 oum
718 2552 845 2620 eandem
873 2557 1125 2627 Sullrouslriensis

159 2666 280 2732 nonnisi
299 2664 467 2752 legitimam
489 2675 613 2752 propter
638 2688 760 2732 causam
784 2668 922 2732 obtinere
937 2669 1084 2754 jubeatur
1098 2673 1125 2737 ⁵.

159 2779 327 2868 Singularis
345 2777 481 2864 denique
510 2778 585 2842 notio
603 2789 647 2844 est
674 2780 830 2844 ambootus
857 2781 1125 2850 Wolternienbur·

161 2892 259 2979 gensis
276 2891 309 2953 in
326 2889 471 2970 Sarouid,
491 2890 578 2975 cujus
589 2912 660 2955 oum
671 2892 858 2976 possessione
872 2890 987 2957 ducalis
997 2893 1128 2962 Anhalta

160 3002 361 3069 Dessosiensis
381 3012 484 3066 utatur
500 3002 626 3079 familis,
645 3023 815 3087 numquam
836 3025 897 3068 non
919 3004 985 3089 ejus
1004 3009 1128 3074 nomine

161 3117 399 3183 inconventum
427 3115 532 3179 tenire
559 3113 650 3179 debet
674 3135 709 3177 er
738 3115 876 3201 equitatu
905 3131 1083 3202 procurator
1102 3122 1126 3188 θ.

161 3230 198 3294 ln
215 3227 285 3315 lege
303 3225 342 3291 de
361 3226 614 3314 Brandenburgid
629 3236 755 3292 cautum
773 3227 958 3309 invenimus,
978 3242 1032 3315 ut,
1050 3234 1075 3298 si
1094 3233 1127 3299 in

161 3351 314 3408 conventu
339 3340 481 3408 ordinum
505 3340 736 3427 provincialium
756 3340 831 3426 quid
849 3340 944 3406 inerit
970 3341 1127 3412 decretum

196 3578 204 3612 ¹
222 3581 271 3629 Lu
287 3581 317 3629 de
334 3580 421 3630 Brund.
439 3581 454 3647 §
470 3579 496 3643 3,
513 3582 547 3631 al.
564 3578 597 3640 23
614 3582 644 3630 do
658 3582 711 3633 Bor.
732 3578 796 3647 §3,
815 3579 845 3628 de
860 3580 947 3630 Ponet.
969 3581 1028 3648 §3,
1045 3600 1080 3643 ας
1098 3585 1127 3636 do

160 3671 237 3722 llhsn.
258 3688 293 3735 pr.
311 3673 325 3738 d
343 3671 368 3735 3,
386 3672 419 3722 sl.
436 3669 467 3728 2;
485 3670 630 3736 doldestph.
650 3673 664 3739 ᾗ
682 3671 707 3733 3,
725 3672 757 3722 sl.
774 3669 800 3728 23
817 3670 847 3719 de
870 3673 941 3721 Pom.
968 3672 1024 3739 qs,
1048 3677 1080 3725 al.
1095 3674 1125 3737 33

160 3763 291 3831 deSs1.§
309 3761 335 3826 3,
351 3763 384 3812 al.
402 3761 427 3813 3.

194 3856 272 3906 ’Lex
289 3855 319 3905 ds
336 3854 423 3905 lisand.
440 3859 454 3922 p
470 3853 497 3918 3,
515 3856 546 3904 al.
567 3853 592 3919 1,
609 3856 710 3906 dedas.
726 3857 739 3923 p
756 3855 781 3919 3,
799 3857 832 3905 al.
850 3854 875 3905 3.

195 3945 985 4015 ³Lexdelllren.pr.§3.al.13deli'estplr.§3,al.l;deSax.
1002 3954 1125 4021 §3,st.l.

140 4069 147 4080 ·
196 4041 275 4090 *Lex
291 4040 320 4088 de
340 4041 460 4090 Pomorum.
481 4041 494 4106 p
512 4038 537 4103 3,
554 4039 578 4086 b.
647 4040 726 4090 otu
743 4041 840 4093 deser.
858 4043 872 4109 p
890 4042 914 4106 3,
933 4046 964 4095 sl.
982 4044 1007 4097 2.

197 4133 275 4183 ⁵ls1
294 4134 322 4182 de
342 4135 435 4200 Pomp
451 4131 477 4194 3,
496 4134 527 4182 al.
548 4133 560 4182 1
579 4143 602 4182 et
619 4131 644 4182 2.
