2738 4740
690 452 749 514 192

239 631 381 718 signatis,
411 632 465 718 qui
486 629 696 715 suscipiendae
728 631 885 718 legationis
916 652 951 695 ex
983 632 1103 718 publici
1131 635 1212 721 juris

238 743 406 828 praeceptis
425 743 584 828 incapaces
605 740 791 821 habeantur,
810 741 980 808 curandum
1002 755 1064 822 eat,
1083 756 1131 825 ut,
1155 769 1214 812 sn·

238 866 361 943 tequam
383 854 491 920 electio
511 854 696 934 instituatur,
715 878 734 921 a
756 857 934 943 magistratu
951 857 1085 942 publicis
1107 860 1235 945 perci-⁷

238 968 355 1055 piendis
370 966 678 1056 administrandisque
689 969 886 1058 vectigalibus
899 972 1085 1057 praeposito,
1102 972 1212 1063 (lient-

238 1081 330 1166 amte)
354 1082 491 1146 omnium
521 1081 648 1146 illorum
674 1082 887 1167 municipum,
917 1083 990 1168 qui,
1015 1094 1085 1150 tum
1111 1089 1212 1155 trion·

238 1197 314 1261 nalis
332 1193 523 1261 habitationis
547 1206 614 1258 tum
633 1195 810 1261 conserendi
828 1195 934 1260 tributi
950 1209 1111 1283 respectu,
1134 1201 1209 1289 eligi

238 1310 297 1373 rite
321 1308 454 1395 possint,
487 1307 596 1387 series,
620 1308 727 1373 ordine
755 1320 872 1374 servato
893 1308 1052 1375 literarum
1075 1313 1209 1398 perscri-

236 1422 348 1499 batur,
372 1419 449 1487 baec
473 1432 598 1502 autem,
628 1421 730 1485 nnius'
749 1432 832 1486 certe
859 1420 920 1486 diei
948 1433 1021 1488 ante
1043 1424 1210 1492 celebran-

109 1616 114 1629 .
237 1535 308 1601 dam
332 1535 513 1601 electionem
537 1536 708 1613 intervallo,
728 1534 909 1601 electoribus
924 1546 1127 1622 proponatur,
1145 1550 1210 1604 tum

237 1649 357 1734 inipso
382 1650 455 1715 'loco
484 1647 695 1714 habendorum
726 1648 939 1728 comitiorum,
961 1671 1024 1736 quo
1057 1651 1209 1738 inspicere

237 1784 304 1827 eam
328 1764 468 1828 omnibus
488 1764 596 1840 liceat,
619 1763 760 1850 affigatur
776 1762 798 1827 ¹.
843 1761 1088 1843 commissarius,
1107 1767 1212 1831 omni·

236 1877 294 1941 bus
321 1877 448 1961 receptis
470 1875 605 1952 tabellis,
629 1877 766 1963 singula,
790 1900 872 1964 quae
894 1877 956 1943 lata
978 1877 1121 1958 inerunt,
1147 1881 1211 1946 sul·

235 1989 333 2077 l'ragia
354 1987 495 2076 deinceps
525 2009 628 2053 coram
655 1988 838 2054 electoribus
870 2001 1044 2068 recenseat,
1074 2014 1211 2079 pronun·

236 2102 358 2181 tiando,
389 2123 482 2189 quem
514 2101 627 2190 cuique
660 2101 798 2167 additum
828 2104 977 2188 reperiat,
999 2125 1155 2184 numero,
1183 2119 1214 2173 at

236 2217 469 2307 suffragantium
488 2216 665 2282 nominibus
690 2216 873 2293 omittendis,
897 2238 959 2303 quo
983 2219 1104 2285 scilicet
1126 2222 1212 2307 copia

236 2329 406 2415 unicuique
446 2329 614 2394 electorum
659 2339 801 2415 suppetat
838 2329 1043 2416 cognoscendi
1075 2334 1213 2399 calculus

234 2441 328 2525 ipsius
359 2463 398 2504 an
428 2441 486 2504 rito
516 2452 661 2526 exceptus
690 2442 919 2529 recensitusque
938 2455 1083 2510 accurate
1106 2446 1212 2513 luerit.

235 2552 304 2634 Qua
322 2551 417 2638 igitur
437 2550 614 2617 recitatione
631 2553 667 2629 si,
682 2565 835 2640 quotquot
854 2554 975 2633 adsunt,
987 2557 1212 2643 acquieverint,

153 2688 154 2692 ¹
236 2664 312 2753 qnid
335 2663 549 2752 suffragiorum
581 2666 726 2760 effectum
757 2667 795 2731 sit
821 2667 951 2744 latione,
979 2667 1061 2733 binis
1090 2670 1212 2738 adscitis

235 2778 461 2867 magistratibus
478 2800 515 2844 ac
532 2778 646 2844 civium
665 2780 913 2865 procuratoribus
933 2791 1008 2846 natu
1028 2782 1210 2867 majoribus,

235 2892 413 2978 exquiratur
443 2913 480 2956 ac
508 2892 611 2956 statim
640 2892 804 2956 conventui
835 2892 1038 2958 renuntietur.
1088 2895 1212 2982 Scripta

234 3015 400 3090 conceptae
419 3004 603 3070 electionum
624 3004 905 3070 commemorationi
924 3003 1016 3069 iidem
1032 3026 1127 3091 porro
1139 3010 1212 3074 sub·

234 3118 357 3205 signent
367 3116 559 3203 magistratus
578 3127 863 3204 procuratoresque,
875 3117 932 3181 nisi
952 3119 1008 3204 qui
1024 3139 1136 3184 eorum
1154 3121 1212 3208 ipd

232 3230 347 3296 fuerint
358 3229 451 3316 legati
465 3229 632 3295 constituti.
649 3228 801 3317 Denique,
814 3230 897 3295 bisce
912 3232 1055 3296 omnibns
1064 3235 1210 3320 peractis,

232 3352 300 3407 tum
315 3352 456 3420 cunctae,
472 3343 584 3428 quibus
603 3353 673 3408 vota
687 3365 740 3408 sua
758 3344 904 3409 electores
915 3343 1152 3431 inscripserunt,
1165 3359 1211 3413 ta-

232 3455 347 3533 bellae,
377 3465 442 3518 tum
463 3454 527 3532 illa,
551 3474 645 3540 quam
667 3453 818 3534 diximus,
843 3456 948 3522 relatio
969 3454 1008 3521 ad
1033 3458 1211 3542 praesidem

232 3567 387 3634 districtus
408 3567 527 3653 regium
544 3567 750 3652 inspiciendae
772 3568 966 3654 perferantur
988 3568 1015 3629 ².

275 3680 417 3745 Caeterae
437 3677 530 3744 urbes
550 3678 684 3766 pagiqnc
709 3680 837 3746 urbibus
858 3680 1040 3757 adsimilati,
1054 3692 1212 3768 quatenus

231 3793 270 3858 ad
302 3791 433 3878 primam
470 3790 675 3858 secundamus
706 3791 831 3859 classem
863 3793 1038 3859 reseruntur
1068 3794 1213 3877 (ultimae

231 3905 313 3969 enim
333 3904 434 3969 classis
456 3905 577 3990 oppida,
591 3926 724 3992 quorum
746 3905 893 3994 quodque
911 3905 1028 3972 scilicet
1044 3909 1212 3992 pauciores

266 4154 274 4187 ¹
291 4156 351 4205 lbid.
370 4157 390 4206 l.
406 4174 427 4205 e.
445 4158 459 4224 p
475 4156 517 4207 23.
751 4159 839 4209 ’lbid
857 4162 875 4209 l.
894 4178 916 4209 c.
934 4161 948 4227 d
966 4159 1008 4210 22.
1029 4193 1035 4204 .
