2738 4740
615 467 677 530 133

162 638 338 726 municipali
362 639 488 704 istarum
516 633 690 702 conditione
717 634 804 701 aliter
833 636 925 702 luerit
954 636 1123 716 mncitum,

164 753 253 830 ratio,
280 772 373 839 quam
395 752 429 816 in
456 750 554 836 prima
583 746 748 814 {actitanda
769 747 917 814 electione
948 753 1028 816 cives
1045 752 1123 817 inie-

163 865 238 944 rint,
260 865 373 953 pariter
395 862 538 949 deinceps
557 862 749 941 observetur3
782 861 815 925 in
832 861 868 925 iis
888 884 959 929 aero
978 864 1123 945 urbibus,

162 998 241 1063 quae
271 977 458 1062 conjunctim
484 975 555 1060 jure
582 974 718 1061 suffragii
737 984 880 1054 utantur,
913 975 952 1041 de
969 979 1124 1056 centenis,

162 1088 386 1176 quinquagenis
410 1086 484 1152 locis
514 1108 532 1151 a
560 1085 733 1152 Christianis
757 1083 930 1151 bominibus
953 1089 1122 1173 occupatis,

164 1198 380 1291 (teuerstelleu)
411 1198 522 1286 singuli
550 1199 694 1264 electores
722 1198 934 1286 designentur,
964 1221 1060 1287 quos,
1090 1211 1126 1266 ut

163 1336 288 1400 capaces
316 1311 503 1390 habeantur,
534 1311 680 1397 praediali
710 1313 877 1399 locupletes
903 1334 965 1378 esse
991 1324 1127 1399 oporteat

163 1426 347 1513 possessione
370 1425 460 1510 pretii
485 1423 606 1493 rixtbal.
626 1425 664 1491 ad
683 1424 846 1490 minimum
868 1425 936 1493 mc
952 1425 976 1493 ¹.

206 1536 333 1601 Inlimus
358 1536 391 1601 in
412 1537 575 1623 provinciis
599 1535 764 1603 Romssicis
792 1536 867 1602 ordo
895 1536 1040 1624 delegatis
1066 1537 1126 1602 suis

165 1646 381 1714 constituendis
404 1648 518 1736 triplici
536 1648 625 1735 fungi
638 1649 713 1713 solet
730 1649 893 1727 electione,
913 1649 976 1716 sola
999 1659 1127 1735 excepta

164 1761 289 1844 Posnid,
318 1761 374 1826 ubi
392 1759 504 1847 duplex
525 1770 644 1826 tantum
665 1762 734 1848 lege
753 1773 1010 1828 commemoratur
1025 1762 1125 1828 nomi·

164 1873 257 1939 nandi
286 1874 407 1961 gradus.
456 1875 564 1961 Itaque
587 1874 685 1960 prima
709 1873 819 1940 electio
848 1874 883 1939 in
914 1875 1127 1941 brandenbur-

165 1986 231 2073 gia,
244 1985 402 2065 Borussid,
415 1986 610 2065 Pomeranid,
627 1988 775 2065 Saxonid,
789 1988 918 2074 singulis
935 1985 1125 2074 designandis

163 2098 360 2177 electoribus,
383 2121 401 2164 a
420 2099 547 2188 singulis
566 2121 716 2187 pagorum
736 2099 1007 2183 communitatibus
1027 2098 1127 2187 (llorl-

164 2208 338 2296 gemeinde)
361 2209 527 2295 perficitur,
557 2209 619 2273 ritu
638 2211 705 2274 aliis
729 2230 855 2296 quoque
873 2210 906 2274 in
925 2209 1054 2304 negotiis
1072 2231 1127 2296 pa·

165 2324 250 2409 ganis
276 2322 417 2406 usurpari
440 2322 541 2401 solito;
571 2322 626 2407 qui
652 2322 795 2386 electores
817 2344 890 2388 cum
912 2321 1127 2407 possessoribus

164 2456 200 2497 er
232 2432 339 2498 eodem
367 2432 473 2498 ordine
500 2434 652 2498 bonorum
680 2435 840 2519 separatim
871 2434 998 2499 sitorum
1025 2454 1128 2522 neque

164 2543 202 2607 ad
222 2566 372 2631 paganam
390 2545 522 2631 aliquam
537 2547 786 2612 communitatem
801 2548 1035 2634 pertinentium,
1057 2548 1128 2634 ipsis

166 2670 267 2721 tamen
292 2656 500 2742 suscipiendae
526 2659 684 2746 legationis
710 2661 867 2727 utentibus
884 2660 1046 2739 facultate,
1073 2682 1128 2747 per

55 2859 59 2866 ι
165 2768 317 2834 districtus
334 2772 528 2857 congregati,
547 2771 581 2836 in
599 2774 728 2861 singulis
745 2772 828 2837 bisce
852 2773 985 2860 singulos
1008 2767 1129 2838 distric'·

166 2894 255 2945 tuum
268 2882 412 2947 electores
427 2884 633 2963 constituunt,
650 2884 793 2972 aquibus
809 2884 930 2949 tandem
941 2884 1128 2967 conjunctis,

166 2993 254 3057 tertia
281 2994 493 3080 suffragiorum
522 2996 650 3074 latione,
688 2995 868 3061 mandatarii
905 2995 1076 3082 seliguntur
1100 2994 1125 3062 ².

167 3110 267 3188 Atque
285 3103 336 3169 bic
353 3127 478 3191 quoque
499 3107 691 3174 districtuum
717 3106 893 3193 compositio
913 3107 1128 3193 posterioribus

169 3217 405 3282 ordinationibus
421 3218 590 3287 delinienda
609 3221 712 3286 relicta
731 3231 775 3286 est
790 3219 813 3285 ³.
839 3221 875 3284 ln
889 3219 1044 3286 Rhenanis
1057 3241 1129 3286 vero

168 3329 329 3416 provinciis
340 3331 556 3417 erWestphatta
567 3333 606 3398 ad
617 3333 754 3399 eamdem
766 3354 955 3399 resncrmam
962 3332 1128 3419 peragitur,

169 3443 225 3507 nisi
259 3442 341 3529 quod
368 3463 430 3530 pro
464 3447 734 3511 communitatibus
767 3468 915 3534 pagorum
953 3445 1130 3530 simpliciter

169 3566 376 3619 memorantur
394 3580 536 3644 agrorum
554 3581 736 3644 possessores
758 3560 891 3647 eligendi
915 3559 994 3644 juris
1013 3554 1128 3622 baben·

169 3677 213 3732 tes
229 3668 423 3753 capacitatem
443 3670 537 3757 bique
552 3673 650 3738 officio
669 3673 723 3738 illo
740 3673 877 3738 iuncturi
895 3673 1055 3749 dicuutur,
1074 3692 1129 3755 per

205 3886 213 3919 ²
231 3885 336 3937 Ordinat.
352 3889 405 3938 Poe.
425 3888 457 3938 15
474 3891 529 3939 Dee.
548 3887 629 3952 1830,
645 3893 695 3941 Art.
713 3891 774 3939 ttlt.

202 3978 214 4010 ¹
231 3980 279 4028 Lex
294 3979 441 4046 delirandp
456 3977 506 4042 21,
522 3981 614 4029 deber.
630 3981 699 4048 §21,
719 3983 845 4032 dePonrer.
862 3981 934 4050 §20,
949 3983 1041 4036 deSax.
1056 3985 1069 4051 §
1085 3982 1129 4035 21.

205 4071 216 4104 ³
232 4074 280 4122 Lex
295 4074 324 4123 de
339 4074 425 4124 llrand.
443 4074 457 4140 §
472 4070 521 4135 22,
535 4074 564 4122 de
580 4075 634 4123 llor·
651 4076 665 4141 ᾗ
680 4074 732 4138 22,
749 4075 778 4124 de
788 4077 876 4127 Pomer.
891 4077 905 4144 p
924 4074 974 4142 21,
990 4077 1019 4127 ds
1032 4077 1078 4130 111.
1093 4095 1128 4143 pr.

171 4165 185 4233 d
200 4163 250 4229 22,
267 4166 409 4232 deWeatplr.
424 4167 438 4234 §
455 4164 503 4229 22,
520 4166 549 4215 de
560 4168 628 4216 Posn.
647 4168 659 4235 p
677 4167 726 4232 21,
743 4169 772 4218 de
786 4170 839 4220 Su.
856 4169 921 4238 §22
