<?xml version="1.0" encoding="UTF-8"?>
<!DOCTYPE html PUBLIC "-//W3C//DTD XHTML 1.0 Transitional//EN"
    "http://www.w3.org/TR/xhtml1/DTD/xhtml1-transitional.dtd">
<html xmlns="http://www.w3.org/1999/xhtml" xml:lang="en" lang="en">
 <head>
  <title>
</title>
<meta http-equiv="Content-Type" content="text/html;charset=utf-8" />
  <meta name='ocr-system' content='tesseract 3.04.00' />
  <meta name='ocr-capabilities' content='ocr_page ocr_carea ocr_par ocr_line ocrx_word'/>
</head>
<body>
  <div class='ocr_page' id='page_1' title='image "./specimenjurispu00backgoog_0051.png"; bbox 0 0 2738 4740; ppageno 0'>
   <div class='ocr_carea' id='block_1_1' title="bbox 742 438 784 500">
    <p class='ocr_par' dir='ltr' id='par_1_1' title="bbox 742 438 784 500">
     <span class='ocr_line' id='line_1_1' title="bbox 742 438 784 500; baseline 0.024 -1"><span class='ocrx_word' id='word_1_1' title='bbox 742 438 784 500; x_wconf 86' lang='lat'>28</span> 
     </span>
    </p>
   </div>
   <div class='ocr_carea' id='block_1_2' title="bbox 278 618 1250 709">
    <p class='ocr_par' dir='ltr' id='par_1_2' title="bbox 278 618 1250 709">
     <span class='ocr_line' id='line_1_2' title="bbox 278 618 1250 709; baseline 0.006 -27"><span class='ocrx_word' id='word_1_2' title='bbox 278 632 430 699; x_wconf 87' lang='lat' dir='ltr'>remotus,</span> <span class='ocrx_word' id='word_1_3' title='bbox 462 618 546 685; x_wconf 90' lang='lat' dir='ltr'>hunc</span> <span class='ocrx_word' id='word_1_4' title='bbox 569 632 669 685; x_wconf 84' lang='lat' dir='ltr'>tomen</span> <span class='ocrx_word' id='word_1_5' title='bbox 689 621 790 706; x_wconf 87' lang='lat' dir='ltr'>ipsum</span> <span class='ocrx_word' id='word_1_6' title='bbox 816 621 873 684; x_wconf 88' lang='lat' dir='ltr'>rite</span> <span class='ocrx_word' id='word_1_7' title='bbox 893 620 952 685; x_wconf 87' lang='lat' dir='ltr'>sibi</span> <span class='ocrx_word' id='word_1_8' title='bbox 976 620 1129 687; x_wconf 81' lang='lat' dir='ltr'>vindicare</span> <span class='ocrx_word' id='word_1_9' title='bbox 1154 643 1250 709; x_wconf 82' lang='lat' dir='ltr'>quam</span> 
     </span>
    </p>
   </div>
   <div class='ocr_carea' id='block_1_3' title="bbox 175 736 1252 3068">
    <p class='ocr_par' dir='ltr' id='par_1_3' title="bbox 175 736 1252 3068">
     <span class='ocr_line' id='line_1_3' title="bbox 277 736 1251 823; baseline 0.003 -23"><span class='ocrx_word' id='word_1_10' title='bbox 277 737 409 801; x_wconf 88' lang='lat' dir='ltr'>orduum</span> <span class='ocrx_word' id='word_1_11' title='bbox 441 759 478 802; x_wconf 86' lang='lat' dir='ltr'>oe</span> <span class='ocrx_word' id='word_1_12' title='bbox 507 736 632 802; x_wconf 89' lang='lat' dir='ltr'>difficile</span> <span class='ocrx_word' id='word_1_13' title='bbox 668 738 705 801; x_wconf 87' lang='lat' dir='ltr'>iis</span> <span class='ocrx_word' id='word_1_14' title='bbox 738 746 814 801; x_wconf 86' lang='lat' dir='ltr'>esset</span> <span class='ocrx_word' id='word_1_15' title='bbox 846 736 1024 822; x_wconf 86' lang='lat' dir='ltr'>nogotium,</span> <span class='ocrx_word' id='word_1_16' title='bbox 1062 737 1251 823; x_wconf 76' lang='lat' dir='ltr'>procedente</span> 
     </span>
     <span class='ocr_line' id='line_1_4' title="bbox 277 848 1252 934; baseline 0.003 -23"><span class='ocrx_word' id='word_1_17' title='bbox 277 859 434 933; x_wconf 93' lang='lat' dir='ltr'>tempore,</span> <span class='ocrx_word' id='word_1_18' title='bbox 464 848 603 912; x_wconf 91' lang='lat' dir='ltr'>omnium</span> <span class='ocrx_word' id='word_1_19' title='bbox 634 848 876 913; x_wconf 77' lang='lat' dir='ltr'>manifestissime</span> <span class='ocrx_word' id='word_1_20' title='bbox 900 848 1052 934; x_wconf 79' lang='lat' dir='ltr'>opposuit.</span> <span class='ocrx_word' id='word_1_21' title='bbox 1097 850 1193 927; x_wconf 82' lang='lat' dir='ltr'>Nom,</span> <span class='ocrx_word' id='word_1_22' title='bbox 1220 861 1252 915; x_wconf 90' lang='lat' dir='ltr'>et</span> 
     </span>
     <span class='ocr_line' id='line_1_5' title="bbox 276 959 1251 1047; baseline 0.002 -23"><span class='ocrx_word' id='word_1_23' title='bbox 276 961 431 1047; x_wconf 73' lang='lat' dir='ltr'>principes</span> <span class='ocrx_word' id='word_1_24' title='bbox 452 960 613 1026; x_wconf 83' lang='lat' dir='ltr'>vehemens</span> <span class='ocrx_word' id='word_1_25' title='bbox 635 960 784 1025; x_wconf 79' lang='lat' dir='ltr'>invaserat</span> <span class='ocrx_word' id='word_1_26' title='bbox 801 959 914 1045; x_wconf 89' lang='lat' dir='ltr'>cupido</span> <span class='ocrx_word' id='word_1_27' title='bbox 939 982 994 1024; x_wconf 85' lang='lat' dir='ltr'>suo</span> <span class='ocrx_word' id='word_1_28' title='bbox 1014 961 1108 1026; x_wconf 90' lang='lat' dir='ltr'>unice</span> <span class='ocrx_word' id='word_1_29' title='bbox 1123 962 1251 1027; x_wconf 78' lang='lat' dir='ltr'>arbitrio</span> 
     </span>
     <span class='ocr_line' id='line_1_6' title="bbox 277 1071 1252 1163; baseline 0.002 -26"><span class='ocrx_word' id='word_1_30' title='bbox 277 1075 448 1138; x_wconf 80' lang='lat' dir='ltr'>universam</span> <span class='ocrx_word' id='word_1_31' title='bbox 480 1096 545 1139; x_wconf 82' lang='lat' dir='ltr'>rem</span> <span class='ocrx_word' id='word_1_32' title='bbox 579 1073 736 1158; x_wconf 75' lang='lat' dir='ltr'>publicam</span> <span class='ocrx_word' id='word_1_33' title='bbox 765 1071 957 1160; x_wconf 83' lang='lat' dir='ltr'>gubernandi</span> <span class='ocrx_word' id='word_1_34' title='bbox 978 1072 1077 1158; x_wconf 90' lang='lat' dir='ltr'>iisque</span> <span class='ocrx_word' id='word_1_35' title='bbox 1098 1084 1133 1138; x_wconf 95' lang='lat' dir='ltr'>ut</span> <span class='ocrx_word' id='word_1_36' title='bbox 1154 1075 1252 1163; x_wconf 76' lang='lat' dir='ltr'>magis</span> 
     </span>
     <span class='ocr_line' id='line_1_7' title="bbox 276 1186 1252 1268; baseline 0.001 -16"><span class='ocrx_word' id='word_1_37' title='bbox 276 1188 369 1252; x_wconf 85' lang='lat' dir='ltr'>etiam</span> <span class='ocrx_word' id='word_1_38' title='bbox 389 1186 485 1253; x_wconf 89' lang='lat' dir='ltr'>hocce</span> <span class='ocrx_word' id='word_1_39' title='bbox 506 1186 643 1253; x_wconf 89' lang='lat' dir='ltr'>studium</span> <span class='ocrx_word' id='word_1_40' title='bbox 663 1188 812 1268; x_wconf 79' lang='lat' dir='ltr'>aleretur,</span> <span class='ocrx_word' id='word_1_41' title='bbox 837 1208 989 1251; x_wconf 83' lang='lat' dir='ltr'>nnnovror</span> <span class='ocrx_word' id='word_1_42' title='bbox 1005 1187 1088 1264; x_wconf 77' lang='lat' dir='ltr'>xlv,</span> <span class='ocrx_word' id='word_1_43' title='bbox 1105 1188 1252 1253; x_wconf 79' lang='lat' dir='ltr'>Francius</span> 
     </span>
     <span class='ocr_line' id='line_1_8' title="bbox 276 1298 1251 1388; baseline 0.002 -24"><span class='ocrx_word' id='word_1_44' title='bbox 276 1301 366 1388; x_wconf 86' lang='lat' dir='ltr'>regis,</span> <span class='ocrx_word' id='word_1_45' title='bbox 380 1312 492 1368; x_wconf 83' lang='lat' dir='ltr'>cuncta</span> <span class='ocrx_word' id='word_1_46' title='bbox 505 1324 577 1366; x_wconf 86' lang='lat' dir='ltr'>suae</span> <span class='ocrx_word' id='word_1_47' title='bbox 587 1300 718 1365; x_wconf 85' lang='lat' dir='ltr'>lubidini</span> <span class='ocrx_word' id='word_1_48' title='bbox 728 1298 926 1384; x_wconf 88' lang='lat' dir='ltr'>subjicientis,</span> <span class='ocrx_word' id='word_1_49' title='bbox 942 1300 1104 1386; x_wconf 85' lang='lat' dir='ltr'>insigniter</span> <span class='ocrx_word' id='word_1_50' title='bbox 1113 1301 1251 1366; x_wconf 82' lang='lat' dir='ltr'>valuerat</span> 
     </span>
     <span class='ocr_line' id='line_1_9' title="bbox 276 1413 1252 1500; baseline 0 -22"><span class='ocrx_word' id='word_1_51' title='bbox 276 1414 463 1500; x_wconf 80' lang='lat' dir='ltr'>exemplum,</span> <span class='ocrx_word' id='word_1_52' title='bbox 482 1424 513 1478; x_wconf 88' lang='lat' dir='ltr'>ct</span> <span class='ocrx_word' id='word_1_53' title='bbox 529 1413 593 1499; x_wconf 83' lang='lat' dir='ltr'>ipso</span> <span class='ocrx_word' id='word_1_54' title='bbox 612 1435 715 1479; x_wconf 89' lang='lat' dir='ltr'>rerum</span> <span class='ocrx_word' id='word_1_55' title='bbox 738 1423 893 1499; x_wconf 84' lang='lat' dir='ltr'>gestorum</span> <span class='ocrx_word' id='word_1_56' title='bbox 910 1422 1141 1498; x_wconf 75' lang='lat' dir='ltr'>eventuumque</span> <span class='ocrx_word' id='word_1_57' title='bbox 1158 1414 1252 1478; x_wconf 87' lang='lat' dir='ltr'>series</span> 
     </span>
     <span class='ocr_line' id='line_1_10' title="bbox 275 1523 1251 1612; baseline -0.002 -22"><span class='ocrx_word' id='word_1_58' title='bbox 275 1547 313 1590; x_wconf 86' lang='lat' dir='ltr'>oc</span> <span class='ocrx_word' id='word_1_59' title='bbox 333 1527 520 1612; x_wconf 79' lang='lat' dir='ltr'>progressio,</span> <span class='ocrx_word' id='word_1_60' title='bbox 554 1536 663 1590; x_wconf 83' lang='lat' dir='ltr'>notura</span> <span class='ocrx_word' id='word_1_61' title='bbox 693 1535 797 1590; x_wconf 82' lang='lat' dir='ltr'>nutem</span> <span class='ocrx_word' id='word_1_62' title='bbox 819 1547 856 1590; x_wconf 82' lang='lat' dir='ltr'>oc</span> <span class='ocrx_word' id='word_1_63' title='bbox 884 1523 1018 1589; x_wconf 89' lang='lat' dir='ltr'>conditio</span> <span class='ocrx_word' id='word_1_64' title='bbox 1039 1525 1251 1589; x_wconf 86' lang='lat' dir='ltr'>institutorum</span> 
     </span>
     <span class='ocr_line' id='line_1_11' title="bbox 275 1635 1251 1724; baseline 0.002 -22"><span class='ocrx_word' id='word_1_65' title='bbox 275 1638 470 1723; x_wconf 92' lang='lat' dir='ltr'>politicorum</span> <span class='ocrx_word' id='word_1_66' title='bbox 489 1637 579 1701; x_wconf 90' lang='lat' dir='ltr'>illum</span> <span class='ocrx_word' id='word_1_67' title='bbox 599 1637 783 1724; x_wconf 80' lang='lat' dir='ltr'>progignere</span> <span class='ocrx_word' id='word_1_68' title='bbox 801 1636 952 1721; x_wconf 85' lang='lat' dir='ltr'>imprimis</span> <span class='ocrx_word' id='word_1_69' title='bbox 971 1635 1142 1702; x_wconf 85' lang='lat' dir='ltr'>debuerant</span> <span class='ocrx_word' id='word_1_70' title='bbox 1158 1638 1251 1704; x_wconf 83' lang='lat' dir='ltr'>ellec-</span> 
     </span>
     <span class='ocr_line' id='line_1_12' title="bbox 276 1748 1252 1836; baseline -0.003 -21"><span class='ocrx_word' id='word_1_71' title='bbox 276 1761 354 1826; x_wconf 84' lang='lat' dir='ltr'>tum,</span> <span class='ocrx_word' id='word_1_72' title='bbox 373 1761 408 1815; x_wconf 93' lang='lat' dir='ltr'>ut</span> <span class='ocrx_word' id='word_1_73' title='bbox 428 1772 547 1827; x_wconf 86' lang='lat' dir='ltr'>eorum,</span> <span class='ocrx_word' id='word_1_74' title='bbox 567 1751 621 1836; x_wconf 90' lang='lat' dir='ltr'>qui</span> <span class='ocrx_word' id='word_1_75' title='bbox 640 1760 814 1836; x_wconf 79' lang='lat' dir='ltr'>praeessent</span> <span class='ocrx_word' id='word_1_76' title='bbox 835 1750 1018 1828; x_wconf 82' lang='lat' dir='ltr'>civitatibus,</span> <span class='ocrx_word' id='word_1_77' title='bbox 1043 1748 1125 1814; x_wconf 80' lang='lat' dir='ltr'>houd</span> <span class='ocrx_word' id='word_1_78' title='bbox 1144 1751 1252 1815; x_wconf 84' lang='lat' dir='ltr'>leviter</span> 
     </span>
     <span class='ocr_line' id='line_1_13' title="bbox 276 1861 1251 1947; baseline 0.001 -22"><span class='ocrx_word' id='word_1_79' title='bbox 276 1863 442 1947; x_wconf 88' lang='lat' dir='ltr'>imperium</span> <span class='ocrx_word' id='word_1_80' title='bbox 465 1861 657 1939; x_wconf 83' lang='lat' dir='ltr'>firmaretur,</span> <span class='ocrx_word' id='word_1_81' title='bbox 680 1862 793 1927; x_wconf 86' lang='lat' dir='ltr'>sirium</span> <span class='ocrx_word' id='word_1_82' title='bbox 814 1883 885 1926; x_wconf 82' lang='lat' dir='ltr'>vero</span> <span class='ocrx_word' id='word_1_83' title='bbox 910 1882 1081 1947; x_wconf 89' lang='lat' dir='ltr'>eorumque</span> <span class='ocrx_word' id='word_1_84' title='bbox 1101 1862 1251 1940; x_wconf 92' lang='lat' dir='ltr'>omnium,</span> 
     </span>
     <span class='ocr_line' id='line_1_14' title="bbox 276 1974 1252 2062; baseline 0.001 -23"><span class='ocrx_word' id='word_1_85' title='bbox 276 1974 331 2061; x_wconf 88' lang='lat' dir='ltr'>qui</span> <span class='ocrx_word' id='word_1_86' title='bbox 348 1997 440 2062; x_wconf 82' lang='lat' dir='ltr'>egere</span> <span class='ocrx_word' id='word_1_87' title='bbox 450 1996 505 2060; x_wconf 92' lang='lat' dir='ltr'>pro</span> <span class='ocrx_word' id='word_1_88' title='bbox 516 1974 637 2039; x_wconf 83' lang='lat' dir='ltr'>civibus</span> <span class='ocrx_word' id='word_1_89' title='bbox 648 1985 839 2062; x_wconf 80' lang='lat' dir='ltr'>putarentur,</span> <span class='ocrx_word' id='word_1_90' title='bbox 852 1974 958 2039; x_wconf 86' lang='lat' dir='ltr'>indies</span> <span class='ocrx_word' id='word_1_91' title='bbox 968 1975 1125 2039; x_wconf 83' lang='lat' dir='ltr'>vilesceret</span> <span class='ocrx_word' id='word_1_92' title='bbox 1142 1987 1252 2042; x_wconf 82' lang='lat' dir='ltr'>anoto-</span> 
     </span>
     <span class='ocr_line' id='line_1_15' title="bbox 276 2084 1251 2172; baseline 0.001 -20"><span class='ocrx_word' id='word_1_93' title='bbox 276 2086 394 2153; x_wconf 82' lang='lat' dir='ltr'>rius1.</span> <span class='ocrx_word' id='word_1_94' title='bbox 429 2085 499 2169; x_wconf 87' lang='lat' dir='ltr'>Quo</span> <span class='ocrx_word' id='word_1_95' title='bbox 521 2084 603 2150; x_wconf 90' lang='lat' dir='ltr'>enim</span> <span class='ocrx_word' id='word_1_96' title='bbox 628 2084 726 2172; x_wconf 85' lang='lat' dir='ltr'>magis</span> <span class='ocrx_word' id='word_1_97' title='bbox 747 2108 765 2150; x_wconf 86' lang='lat' dir='ltr'><strong>a</strong></span> <span class='ocrx_word' id='word_1_98' title='bbox 786 2085 913 2171; x_wconf 82' lang='lat' dir='ltr'>pristine</span> <span class='ocrx_word' id='word_1_99' title='bbox 935 2085 1051 2151; x_wconf 84' lang='lat' dir='ltr'>rationo</span> <span class='ocrx_word' id='word_1_100' title='bbox 1074 2086 1251 2153; x_wconf 84' lang='lat' dir='ltr'>universnm</span> 
     </span>
     <span class='ocr_line' id='line_1_16' title="bbox 274 2197 1250 2286; baseline 0 -21"><span class='ocrx_word' id='word_1_101' title='bbox 274 2199 443 2286; x_wconf 88' lang='lat' dir='ltr'>Imperium</span> <span class='ocrx_word' id='word_1_102' title='bbox 460 2198 681 2264; x_wconf 77' lang='lat' dir='ltr'>Germanicum</span> <span class='ocrx_word' id='word_1_103' title='bbox 700 2197 873 2263; x_wconf 77' lang='lat' dir='ltr'>descivisset</span> <span class='ocrx_word' id='word_1_104' title='bbox 891 2198 924 2264; x_wconf 91' lang='lat' dir='ltr'>in</span> <span class='ocrx_word' id='word_1_105' title='bbox 943 2220 1075 2285; x_wconf 81' lang='lat' dir='ltr'>eamque</span> <span class='ocrx_word' id='word_1_106' title='bbox 1091 2201 1250 2284; x_wconf 83' lang='lat' dir='ltr'>poulletim</span> 
     </span>
     <span class='ocr_line' id='line_1_17' title="bbox 274 2311 1251 2399; baseline -0.001 -20"><span class='ocrx_word' id='word_1_107' title='bbox 274 2314 396 2399; x_wconf 81' lang='lat' dir='ltr'>delapso</span> <span class='ocrx_word' id='word_1_108' title='bbox 418 2313 523 2377; x_wconf 83' lang='lat' dir='ltr'>luisset</span> <span class='ocrx_word' id='word_1_109' title='bbox 543 2311 769 2390; x_wconf 88' lang='lat' dir='ltr'>conditionem,</span> <span class='ocrx_word' id='word_1_110' title='bbox 790 2322 824 2376; x_wconf 90' lang='lat' dir='ltr'>ut</span> <span class='ocrx_word' id='word_1_111' title='bbox 844 2312 1025 2396; x_wconf 85' lang='lat' dir='ltr'>junctorum</span> <span class='ocrx_word' id='word_1_112' title='bbox 1045 2326 1132 2379; x_wconf 82' lang='lat' dir='ltr'>arcto</span> <span class='ocrx_word' id='word_1_113' title='bbox 1154 2326 1251 2380; x_wconf 88' lang='lat' dir='ltr'>semet</span> 
     </span>
     <span class='ocr_line' id='line_1_18' title="bbox 274 2425 1252 2514; baseline 0.001 -22"><span class='ocrx_word' id='word_1_114' title='bbox 274 2427 407 2493; x_wconf 85' lang='lat' dir='ltr'>invicem</span> <span class='ocrx_word' id='word_1_115' title='bbox 433 2425 557 2492; x_wconf 83' lang='lat' dir='ltr'>foedere</span> <span class='ocrx_word' id='word_1_116' title='bbox 587 2427 762 2504; x_wconf 78' lang='lat' dir='ltr'>civitatum,</span> <span class='ocrx_word' id='word_1_117' title='bbox 789 2448 908 2492; x_wconf 84' lang='lat' dir='ltr'>summe</span> <span class='ocrx_word' id='word_1_118' title='bbox 938 2427 1135 2514; x_wconf 77' lang='lat' dir='ltr'>caeteroquin</span> <span class='ocrx_word' id='word_1_119' title='bbox 1159 2439 1252 2493; x_wconf 89' lang='lat' dir='ltr'>uten-</span> 
     </span>
     <span class='ocr_line' id='line_1_19' title="bbox 277 2537 1250 2616; baseline 0.001 -12"><span class='ocrx_word' id='word_1_120' title='bbox 277 2541 355 2604; x_wconf 91' lang='lat' dir='ltr'>tium</span> <span class='ocrx_word' id='word_1_121' title='bbox 381 2537 522 2603; x_wconf 77' lang='lat' dir='ltr'>libertate</span> <span class='ocrx_word' id='word_1_122' title='bbox 542 2537 741 2602; x_wconf 88' lang='lat' dir='ltr'>multitudiue</span> <span class='ocrx_word' id='word_1_123' title='bbox 768 2538 861 2604; x_wconf 90' lang='lat' dir='ltr'>unice</span> <span class='ocrx_word' id='word_1_124' title='bbox 881 2539 1108 2616; x_wconf 87' lang='lat' dir='ltr'>contineretur,</span> <span class='ocrx_word' id='word_1_125' title='bbox 1140 2563 1177 2605; x_wconf 90' lang='lat' dir='ltr'>eo</span> <span class='ocrx_word' id='word_1_126' title='bbox 1196 2541 1250 2605; x_wconf 89' lang='lat' dir='ltr'>fir·</span> 
     </span>
     <span class='ocr_line' id='line_1_20' title="bbox 275 2650 1252 2741; baseline 0.001 -24"><span class='ocrx_word' id='word_1_127' title='bbox 275 2651 366 2717; x_wconf 89' lang='lat' dir='ltr'>miori</span> <span class='ocrx_word' id='word_1_128' title='bbox 394 2650 518 2716; x_wconf 84' lang='lat' dir='ltr'>viuculo</span> <span class='ocrx_word' id='word_1_129' title='bbox 543 2651 677 2735; x_wconf 81' lang='lat' dir='ltr'>cooptari</span> <span class='ocrx_word' id='word_1_130' title='bbox 703 2650 783 2714; x_wconf 88' lang='lat' dir='ltr'>inter</span> <span class='ocrx_word' id='word_1_131' title='bbox 813 2673 878 2716; x_wconf 89' lang='lat' dir='ltr'>sese</span> <span class='ocrx_word' id='word_1_132' title='bbox 907 2653 1063 2738; x_wconf 78' lang='lat' dir='ltr'>remegio</span> <span class='ocrx_word' id='word_1_133' title='bbox 1091 2653 1252 2741; x_wconf 83' lang='lat' dir='ltr'>magisque</span> 
     </span>
     <span class='ocr_line' id='line_1_21' title="bbox 175 2763 1251 2855; baseline 0.003 -25"><span class='ocrx_word' id='word_1_134' title='bbox 175 2820 184 2837; x_wconf 83' lang='lat'><strong>.</strong></span> <span class='ocrx_word' id='word_1_135' title='bbox 275 2767 307 2832; x_wconf 92' lang='lat' dir='ltr'>iu</span> <span class='ocrx_word' id='word_1_136' title='bbox 338 2786 436 2830; x_wconf 92' lang='lat' dir='ltr'>unum</span> <span class='ocrx_word' id='word_1_137' title='bbox 469 2763 564 2828; x_wconf 88' lang='lat' dir='ltr'>reluti</span> <span class='ocrx_word' id='word_1_138' title='bbox 595 2785 705 2849; x_wconf 85' lang='lat' dir='ltr'>corpus</span> <span class='ocrx_word' id='word_1_139' title='bbox 727 2764 823 2852; x_wconf 89' lang='lat' dir='ltr'>redigi</span> <span class='ocrx_word' id='word_1_140' title='bbox 845 2766 953 2844; x_wconf 73' lang='lat' dir='ltr'>varias,</span> <span class='ocrx_word' id='word_1_141' title='bbox 976 2767 1090 2854; x_wconf 90' lang='lat' dir='ltr'>quibus</span> <span class='ocrx_word' id='word_1_142' title='bbox 1111 2769 1251 2855; x_wconf 84' lang='lat' dir='ltr'>singulae</span> 
     </span>
     <span class='ocr_line' id='line_1_22' title="bbox 273 2876 1250 2964; baseline 0.001 -19"><span class='ocrx_word' id='word_1_143' title='bbox 273 2880 345 2945; x_wconf 79' lang='lat' dir='ltr'>illue</span> <span class='ocrx_word' id='word_1_144' title='bbox 376 2900 422 2942; x_wconf 87' lang='lat' dir='ltr'>res</span> <span class='ocrx_word' id='word_1_145' title='bbox 451 2876 594 2962; x_wconf 84' lang='lat' dir='ltr'>publicae</span> <span class='ocrx_word' id='word_1_146' title='bbox 622 2877 807 2962; x_wconf 80' lang='lat' dir='ltr'>compositae</span> <span class='ocrx_word' id='word_1_147' title='bbox 838 2887 955 2955; x_wconf 84' lang='lat' dir='ltr'>essent,</span> <span class='ocrx_word' id='word_1_148' title='bbox 980 2891 1102 2964; x_wconf 83' lang='lat' dir='ltr'>portes,</span> <span class='ocrx_word' id='word_1_149' title='bbox 1126 2903 1250 2946; x_wconf 86' lang='lat' dir='ltr'>necesso</span> 
     </span>
     <span class='ocr_line' id='line_1_23' title="bbox 274 2989 1248 3068; baseline -0.002 -8"><span class='ocrx_word' id='word_1_150' title='bbox 274 2993 400 3060; x_wconf 89' lang='lat' dir='ltr'>omnino</span> <span class='ocrx_word' id='word_1_151' title='bbox 419 2989 595 3057; x_wconf 80' lang='lat' dir='ltr'>habendum</span> <span class='ocrx_word' id='word_1_152' title='bbox 614 2989 637 3055; x_wconf 85' lang='lat'>².</span> <span class='ocrx_word' id='word_1_153' title='bbox 671 2990 715 3053; x_wconf 86' lang='lat' dir='ltr'>Ex</span> <span class='ocrx_word' id='word_1_154' title='bbox 732 2989 784 3056; x_wconf 83' lang='lat' dir='ltr'>ille</span> <span class='ocrx_word' id='word_1_155' title='bbox 803 3011 875 3055; x_wconf 83' lang='lat' dir='ltr'>reso</span> <span class='ocrx_word' id='word_1_156' title='bbox 891 2991 1080 3068; x_wconf 80' lang='lat' dir='ltr'>mutatione,</span> <span class='ocrx_word' id='word_1_157' title='bbox 1104 2992 1172 3057; x_wconf 90' lang='lat' dir='ltr'>fieri</span> <span class='ocrx_word' id='word_1_158' title='bbox 1186 3015 1248 3058; x_wconf 92' lang='lat' dir='ltr'>non</span> 
     </span>
    </p>
   </div>
   <div class='ocr_carea' id='block_1_4' title="bbox 266 3218 1250 4221">
    <p class='ocr_par' dir='ltr' id='par_1_4' title="bbox 308 3218 579 3288">
     <span class='ocr_line' id='line_1_24' title="bbox 308 3218 579 3288; baseline -0.007 -17"><span class='ocrx_word' id='word_1_159' title='bbox 308 3222 319 3261; x_wconf 85' lang='lat'><em>¹</em></span> <span class='ocrx_word' id='word_1_160' title='bbox 338 3224 472 3284; x_wconf 72' lang='lat' dir='ltr'>tremore,</span> <span class='ocrx_word' id='word_1_161' title='bbox 490 3223 503 3288; x_wconf 75' lang='lat' dir='ltr'>q</span> <span class='ocrx_word' id='word_1_162' title='bbox 520 3218 579 3270; x_wconf 82' lang='lat'><strong>596.</strong></span> 
     </span>
    </p>

    <p class='ocr_par' dir='ltr' id='par_1_5' title="bbox 266 3311 1250 4221">
     <span class='ocr_line' id='line_1_25' title="bbox 306 3311 1250 3382; baseline -0.004 -16"><span class='ocrx_word' id='word_1_163' title='bbox 306 3316 420 3379; x_wconf 81' lang='lat' dir='ltr'>2lderrr,</span> <span class='ocrx_word' id='word_1_164' title='bbox 437 3316 451 3382; x_wconf 65' lang='lat' dir='ltr'>d</span> <span class='ocrx_word' id='word_1_165' title='bbox 468 3313 533 3378; x_wconf 81' lang='grc'><strong>596,</strong></span> <span class='ocrx_word' id='word_1_166' title='bbox 556 3314 614 3363; x_wconf 87' lang='lat' dir='ltr'>ooll.</span> <span class='ocrx_word' id='word_1_167' title='bbox 631 3315 644 3380; x_wconf 70' lang='lat' dir='ltr'>q</span> <span class='ocrx_word' id='word_1_168' title='bbox 662 3311 729 3376; x_wconf 84' lang='lat'><strong>595,</strong></span> <span class='ocrx_word' id='word_1_169' title='bbox 753 3314 806 3363; x_wconf 88' lang='lat' dir='ltr'>init.</span> <span class='ocrx_word' id='word_1_170' title='bbox 841 3313 928 3376; x_wconf 75' lang='lat' dir='ltr'>Operas</span> <span class='ocrx_word' id='word_1_171' title='bbox 946 3314 1046 3376; x_wconf 84' lang='lat' dir='ltr'>pretium</span> <span class='ocrx_word' id='word_1_172' title='bbox 1065 3330 1122 3363; x_wconf 85' lang='lat' dir='ltr'>rsus</span> <span class='ocrx_word' id='word_1_173' title='bbox 1140 3324 1176 3364; x_wconf 86' lang='lat' dir='ltr'>est</span> <span class='ocrx_word' id='word_1_174' title='bbox 1193 3331 1250 3364; x_wconf 81' lang='lat' dir='ltr'>oon·</span> 
     </span>
     <span class='ocr_line' id='line_1_26' title="bbox 273 3405 1249 3474; baseline -0.004 -16"><span class='ocrx_word' id='word_1_175' title='bbox 273 3411 384 3474; x_wconf 72' lang='lat' dir='ltr'>siderare,</span> <span class='ocrx_word' id='word_1_176' title='bbox 401 3407 633 3473; x_wconf 58' lang='lat' dir='ltr'>quemadmodum·</span> <span class='ocrx_word' id='word_1_177' title='bbox 651 3405 727 3454; x_wconf 84' lang='lat' dir='ltr'>medio</span> <span class='ocrx_word' id='word_1_178' title='bbox 740 3407 791 3471; x_wconf 81' lang='lat' dir='ltr'>jsrn</span> <span class='ocrx_word' id='word_1_179' title='bbox 810 3406 905 3455; x_wconf 65' lang='lat' dir='ltr'>soeculo</span> <span class='ocrx_word' id='word_1_180' title='bbox 922 3405 1012 3455; x_wconf 80' lang='lat' dir='ltr'>decimo</span> <span class='ocrx_word' id='word_1_181' title='bbox 1028 3415 1104 3469; x_wconf 84' lang='lat' dir='ltr'>sexto,</span> <span class='ocrx_word' id='word_1_182' title='bbox 1118 3407 1249 3470; x_wconf 77' lang='lat' dir='ltr'>principum</span> 
     </span>
     <span class='ocr_line' id='line_1_27' title="bbox 266 3499 1249 3567; baseline -0.002 -16"><span class='ocrx_word' id='word_1_183' title='bbox 266 3505 323 3567; x_wconf 75' lang='lat' dir='ltr'>jure</span> <span class='ocrx_word' id='word_1_184' title='bbox 339 3502 546 3563; x_wconf 72' lang='lat' dir='ltr'>Germanicorum,</span> <span class='ocrx_word' id='word_1_185' title='bbox 560 3502 587 3549; x_wconf 88' lang='lat' dir='ltr'>in</span> <span class='ocrx_word' id='word_1_186' title='bbox 602 3499 768 3563; x_wconf 75' lang='lat' dir='ltr'>Imperatoriss</span> <span class='ocrx_word' id='word_1_187' title='bbox 785 3499 886 3547; x_wconf 79' lang='lat' dir='ltr'>mesine</span> <span class='ocrx_word' id='word_1_188' title='bbox 903 3500 1051 3548; x_wconf 68' lang='lat' dir='ltr'>auctoritatis</span> <span class='ocrx_word' id='word_1_189' title='bbox 1068 3500 1249 3559; x_wconf 84' lang='lat' dir='ltr'>detrimentum,</span> 
     </span>
     <span class='ocr_line' id='line_1_28' title="bbox 274 3593 1249 3661; baseline -0.004 -14"><span class='ocrx_word' id='word_1_190' title='bbox 274 3609 372 3648; x_wconf 81' lang='lat' dir='ltr'>sxsuots</span> <span class='ocrx_word' id='word_1_191' title='bbox 398 3597 586 3661; x_wconf 76' lang='lat' dir='ltr'>emplifiostsqns</span> <span class='ocrx_word' id='word_1_192' title='bbox 613 3595 703 3642; x_wconf 84' lang='lat' dir='ltr'>luerint</span> <span class='ocrx_word' id='word_1_193' title='bbox 726 3594 803 3656; x_wconf 86' lang='lat' dir='ltr'>iisqne</span> <span class='ocrx_word' id='word_1_194' title='bbox 827 3594 891 3657; x_wconf 70' lang='lat' dir='ltr'>picis</span> <span class='ocrx_word' id='word_1_195' title='bbox 922 3593 1116 3656; x_wconf 75' lang='lat' dir='ltr'>westphslisosis</span> <span class='ocrx_word' id='word_1_196' title='bbox 1149 3594 1249 3643; x_wconf 83' lang='lat' dir='ltr'>decretis</span> 
     </span>
     <span class='ocr_line' id='line_1_29' title="bbox 274 3686 1250 3754; baseline -0.003 -14"><span class='ocrx_word' id='word_1_197' title='bbox 274 3705 360 3740; x_wconf 82' lang='lat' dir='ltr'>norum</span> <span class='ocrx_word' id='word_1_198' title='bbox 377 3691 487 3754; x_wconf 79' lang='lat' dir='ltr'>deinceps</span> <span class='ocrx_word' id='word_1_199' title='bbox 505 3688 676 3737; x_wconf 78' lang='lat' dir='ltr'>firmentum</span> <span class='ocrx_word' id='word_1_200' title='bbox 695 3687 827 3735; x_wconf 81' lang='lat' dir='ltr'>secesserit.</span> <span class='ocrx_word' id='word_1_201' title='bbox 855 3686 958 3750; x_wconf 82' lang='lat' dir='ltr'>Quorum</span> <span class='ocrx_word' id='word_1_202' title='bbox 976 3687 1038 3734; x_wconf 83' lang='lat' dir='ltr'>enirn</span> <span class='ocrx_word' id='word_1_203' title='bbox 1052 3689 1142 3751; x_wconf 87' lang='lat' dir='ltr'>jnrinm</span> <span class='ocrx_word' id='word_1_204' title='bbox 1160 3689 1250 3751; x_wconf 76' lang='lat' dir='ltr'>princi-</span> 
     </span>
     <span class='ocr_line' id='line_1_30' title="bbox 275 3782 1250 3849; baseline 0 -15"><span class='ocrx_word' id='word_1_205' title='bbox 275 3787 343 3849; x_wconf 86' lang='lat' dir='ltr'>pibus</span> <span class='ocrx_word' id='word_1_206' title='bbox 358 3787 383 3833; x_wconf 84' lang='lat' dir='ltr'>iu</span> <span class='ocrx_word' id='word_1_207' title='bbox 403 3802 447 3833; x_wconf 88' lang='lat' dir='ltr'>sno</span> <span class='ocrx_word' id='word_1_208' title='bbox 464 3785 550 3846; x_wconf 84' lang='lat' dir='ltr'>cuique</span> <span class='ocrx_word' id='word_1_209' title='bbox 561 3783 681 3831; x_wconf 86' lang='lat' dir='ltr'>territorio</span> <span class='ocrx_word' id='word_1_210' title='bbox 699 3783 879 3845; x_wconf 81' lang='lat' dir='ltr'>competentium</span> <span class='ocrx_word' id='word_1_211' title='bbox 890 3782 1064 3831; x_wconf 72' lang='lat' dir='ltr'>universitatem</span> <span class='ocrx_word' id='word_1_212' title='bbox 1081 3787 1250 3834; x_wconf 74' lang='lat' dir='ltr'>territos-iotis</span> 
     </span>
     <span class='ocr_line' id='line_1_31' title="bbox 274 3874 1249 3944; baseline -0.001 -18"><span class='ocrx_word' id='word_1_213' title='bbox 274 3881 467 3944; x_wconf 77' lang='lat' dir='ltr'>Superioritots&#39;s</span> <span class='ocrx_word' id='word_1_214' title='bbox 486 3875 712 3943; x_wconf 76' lang='lat' dir='ltr'>(leudesirirstliche</span> <span class='ocrx_word' id='word_1_215' title='bbox 724 3874 853 3939; x_wconf 76' lang='lat' dir='ltr'>otrigtsir)</span> <span class='ocrx_word' id='word_1_216' title='bbox 869 3877 918 3939; x_wconf 84' lang='lat' dir='ltr'>jsm</span> <span class='ocrx_word' id='word_1_217' title='bbox 935 3884 985 3924; x_wconf 88' lang='lat' dir='ltr'>turn</span> <span class='ocrx_word' id='word_1_218' title='bbox 1009 3876 1124 3924; x_wconf 84' lang='lat' dir='ltr'>celebrsri</span> <span class='ocrx_word' id='word_1_219' title='bbox 1144 3877 1249 3940; x_wconf 75' lang='lat' dir='ltr'>appelln-</span> 
     </span>
     <span class='ocr_line' id='line_1_32' title="bbox 274 3967 1248 4031; baseline -0.003 -13"><span class='ocrx_word' id='word_1_220' title='bbox 274 3973 338 4019; x_wconf 88' lang='lat' dir='ltr'>tinns</span> <span class='ocrx_word' id='word_1_221' title='bbox 354 3969 497 4030; x_wconf 83' lang='lat' dir='ltr'>inrslusrot,</span> <span class='ocrx_word' id='word_1_222' title='bbox 524 3968 553 4015; x_wconf 87' lang='lat' dir='ltr'>sd</span> <span class='ocrx_word' id='word_1_223' title='bbox 571 3968 723 4031; x_wconf 76' lang='lat' dir='ltr'>eumdemque</span> <span class='ocrx_word' id='word_1_224' title='bbox 741 3984 855 4028; x_wconf 76' lang='lat' dir='ltr'>nomem,</span> <span class='ocrx_word' id='word_1_225' title='bbox 874 3967 904 4016; x_wconf 88' lang='lat' dir='ltr'>iis</span> <span class='ocrx_word' id='word_1_226' title='bbox 923 3967 1033 4016; x_wconf 82' lang='lat' dir='ltr'>dominis.</span> <span class='ocrx_word' id='word_1_227' title='bbox 1057 3969 1099 4030; x_wconf 86' lang='lat' dir='ltr'>qui</span> <span class='ocrx_word' id='word_1_228' title='bbox 1118 3968 1248 4030; x_wconf 82' lang='lat' dir='ltr'>principum</span> 
     </span>
     <span class='ocr_line' id='line_1_33' title="bbox 274 4061 1248 4130; baseline -0.002 -18"><span class='ocrx_word' id='word_1_229' title='bbox 274 4064 367 4113; x_wconf 83' lang='lat' dir='ltr'>minime</span> <span class='ocrx_word' id='word_1_230' title='bbox 382 4071 504 4110; x_wconf 80' lang='lat' dir='ltr'>uterentur</span> <span class='ocrx_word' id='word_1_231' title='bbox 520 4062 633 4124; x_wconf 82' lang='lat' dir='ltr'>‹lignitstr</span> <span class='ocrx_word' id='word_1_232' title='bbox 642 4065 691 4130; x_wconf 83' lang='lat' dir='ltr'>jus</span> <span class='ocrx_word' id='word_1_233' title='bbox 708 4064 835 4111; x_wconf 76' lang='lat' dir='ltr'>torretors&#39;s&#39;</span> <span class='ocrx_word' id='word_1_234' title='bbox 845 4062 957 4127; x_wconf 72' lang='lat' dir='ltr'>(hodes-</span> <span class='ocrx_word' id='word_1_235' title='bbox 971 4063 1021 4110; x_wconf 88' lang='lat' dir='ltr'>sire</span> <span class='ocrx_word' id='word_1_236' title='bbox 1040 4061 1102 4110; x_wconf 82' lang='lat' dir='ltr'>holte</span> <span class='ocrx_word' id='word_1_237' title='bbox 1118 4062 1248 4124; x_wconf 78' lang='lat' dir='ltr'>Obriglteitl</span> 
     </span>
     <span class='ocr_line' id='line_1_34' title="bbox 272 4153 1248 4221; baseline -0.006 -14"><span class='ocrx_word' id='word_1_238' title='bbox 272 4165 380 4221; x_wconf 75' lang='lat' dir='ltr'>coeperet</span> <span class='ocrx_word' id='word_1_239' title='bbox 400 4154 506 4203; x_wconf 79' lang='lat' dir='ltr'>sttrilrni.</span> <span class='ocrx_word' id='word_1_240' title='bbox 541 4158 617 4216; x_wconf 72' lang='lat' dir='ltr'>Atque</span> <span class='ocrx_word' id='word_1_241' title='bbox 637 4155 688 4202; x_wconf 82' lang='lat' dir='ltr'>istis</span> <span class='ocrx_word' id='word_1_242' title='bbox 709 4153 802 4216; x_wconf 83' lang='lat' dir='ltr'>quidem</span> <span class='ocrx_word' id='word_1_243' title='bbox 826 4154 969 4218; x_wconf 86' lang='lat' dir='ltr'>nominibus,</span> <span class='ocrx_word' id='word_1_244' title='bbox 989 4155 1125 4216; x_wconf 77' lang='lat' dir='ltr'>decorum,</span> <span class='ocrx_word' id='word_1_245' title='bbox 1144 4155 1248 4218; x_wconf 86' lang='lat' dir='ltr'>quiillo</span> 
     </span>
    </p>
   </div>
   <div class='ocr_carea' id='block_1_5' title="bbox 0 0 1374 4740">
    <p class='ocr_par' dir='ltr' id='par_1_6' title="bbox 0 0 1374 4740">
     <span class='ocr_line' id='line_1_35' title="bbox 0 0 1374 4740; baseline 0 1"><span class='ocrx_word' id='word_1_246' title='bbox 0 0 1374 4740; x_wconf 95' lang='lat' dir='ltr'> </span> 
     </span>
    </p>
   </div>
  </div>
 </body>
</html>
