2738 4740
655 441 719 503 295

250 622 289 684 ll.
314 621 367 706 qni
386 632 439 685 ant
458 623 603 686 electores
624 633 695 685 sunt
716 620 830 686 ordinis
850 622 1000 685 nobilium
1024 633 1077 686 ant
1099 621 1170 708 eligi

314 732 443 817 hujusce
462 734 555 819 ipsius
574 734 688 798 ordinis
716 735 809 820 legati
829 734 886 796 rite
905 745 1029 818 possunt
1044 738 1066 798 ¹.

248 846 331 927 Quos
356 846 477 911 eosdem
498 847 622 932 abipsa
643 847 756 932 pariter
777 846 899 911 excludi
912 845 1035 910 urbium
1057 845 1170 910 baliva·

203 968 355 1043 tuumque
376 957 538 1046 legatione,
554 980 644 1043 supra
660 958 798 1024 vidimus.

141 1131 142 1134 ,
245 1072 369 1159 Reliqui
385 1072 466 1137 eires
482 1094 586 1136 omnes
602 1082 633 1138 et
643 1072 822 1159 designandi
838 1073 982 1137 electores
994 1070 1170 1136 facultatem

205 1185 343 1251 obtinent
363 1197 393 1250 et
411 1185 564 1272 designari
586 1197 710 1271 possunt
725 1185 792 1269 ipsi,
816 1184 999 1249 dummodo:

262 1299 287 1362 l.
312 1298 419 1386 viginti
441 1299 580 1384 quinque
596 1299 683 1362 annis
700 1299 760 1362 sint
774 1298 921 1382 majores3

246 1412 286 1477 H.
308 1410 401 1496 pleno
421 1411 574 1499 gaudeant
592 1412 664 1495 jure
687 1411 817 1476 civitatis
833 1433 869 1474 eo
886 1411 917 1473 in
939 1409 1096 1485 districtu,
1117 1409 1169 1472 ubi

311 1524 420 1589 electio
441 1536 623 1612 peragatur,
646 1535 700 1589 aut

229 1638 285 1704 111.
307 1638 431 1723 publico
452 1639 555 1725 aliquo
574 1659 704 1703 munere
723 1638 894 1725 iungantur
909 1636 933 1703 ².

244 1749 500 1836 Quandoquidem
517 1762 619 1815 autem
637 1772 786 1836 magnum
801 1772 894 1836 penes
916 1749 1026 1814 ducem
1042 1758 1171 1835 potestas

199 1873 243 1927 est
262 1873 328 1926 tum
344 1863 533 1928 convocandi
553 1863 674 1928 ordines
694 1875 761 1927 turn
787 1885 894 1928 eorum
913 1862 1072 1928 differendi
1093 1882 1170 1927 eoo-

200 1977 383 2062 gressionem
408 1990 474 2042 tum
496 1988 600 2043 coetus
621 1978 756 2064 denique
778 1976 960 2042 dissolvendi
971 1976 995 2054 ³,
1016 1976 1170 2063 sequitur,

199 2099 242 2167 ut,
255 2100 374 2174 praeter
391 2090 559 2178 legitimam
573 2092 725 2155 sociorum
736 2090 954 2165 decessionem,
967 2087 1170 2153 instaurandis

198 2202 399 2266 electionibus
415 2204 574 2268 locustum
586 2223 712 2288 qnoque
721 2202 912 2285 praebeatur,
920 2203 1112 2288 ubicumque
1118 2202 1170 2285 jus

196 2315 276 2378 istud
287 2315 468 2380 dissolvendi
484 2315 652 2379 exereitum
665 2338 681 2379 a
696 2315 836 2401 principe
846 2315 948 2380 luerit.
971 2315 1042 2396 Quo
1055 2313 1171 2379 seilicet

195 2427 294 2503 laeto,
312 2427 462 2514 dignitate
487 2450 551 2492 sese
570 2427 715 2493 abdicent
736 2440 864 2514 oportet,
886 2440 1037 2516 quotquot
1056 2429 1169 2495 civium

196 2539 377 2604 Badensium
401 2540 551 2627 suffragiis
567 2542 599 2604 in
619 2542 802 2607 alterutrum
824 2553 968 2608 coetuum
985 2544 1100 2608 luerint
1114 2541 1171 2607 ad-

80 2662 126 2719 A
196 2652 292 2728 ducti,
303 2653 322 2717 i.
334 2676 361 2719 e.
374 2653 465 2740 legati
480 2674 551 2719 cnm
572 2653 735 2718 nobilitatis
750 2664 844 2741 atque
862 2655 1087 2720 academiarum
1105 2666 1169 2717 tum

199 2765 320 2829 urbium
348 2776 442 2852 atque
464 2765 686 2831 bativatuumt.
713 2768 767 2830 Sin
792 2778 917 2842 autem,
943 2788 1008 2852 quo
1034 2777 1171 2850 tempore

196 2875 257 2940 dux
272 2877 439 2942 concilium
458 2876 634 2952 dissolverit,
648 2877 702 2955 rei,
713 2876 753 2942 de
767 2899 828 2964 qua
845 2877 1077 2954 deliberaretur,
1090 2899 1171 2942 non·

196 2988 271 3053 dum
291 2989 428 3053 absoluta
444 2989 535 3054 luerit
553 2989 702 3066 tractatio,
722 3012 815 3054 noras
834 2989 999 3054 electiones
1015 2988 1171 3054 habendas

197 3123 260 3164 esse
271 3101 318 3164 lex
337 3101 424 3185 jubet
440 3112 511 3166 ante
528 3103 666 3186 elapsum
683 3103 776 3166 trium
793 3101 830 3165 ad
844 3123 999 3165 summum
1018 3101 1169 3165 mensium

196 3224 316 3298 tempus
326 3213 349 3278 ⁵.
361 3215 476 3278 lterum
488 3215 560 3303 eligi
575 3217 707 3302 quisque
722 3216 893 3303 legatorum
907 3236 1027 3300 semper
1039 3225 1137 3300 potest
1145 3215 1168 3280 ὅ.

196 3325 427 3391 Observandum
447 3349 518 3392 sane
538 3348 634 3414 quam
653 3326 785 3391 maxime
805 3337 859 3404 est,
875 3326 1078 3391 instaurandis
1094 3347 1171 3412 qua-

195 3439 393 3525 lemcumque
416 3440 455 3504 ob
475 3461 598 3505 causam
621 3438 819 3504 electionibus
838 3440 1027 3527 legatorum,
1053 3440 1169 3504 instau-

197 3551 254 3615 rari
275 3571 399 3637 quoqne
418 3551 530 3616 debere
552 3553 721 3616 electorum
745 3552 968 3616 nominationes
984 3549 1007 3615 ⁷.

229 3795 309 3846 tna
334 3794 407 3863 aas.
485 3793 666 3858 ’tanqua
729 3793 822 3845 rista.
840 3795 854 3862 a
872 3794 915 3844 aa.
991 3794 1168 3864 ‘istrata

229 3888 408 3953 nsinisti.
559 3885 742 3954 ⁶1ua.qso.
860 3886 1044 3955 trustes

606 4054 760 4080 ..qna-
