2738 4740
723 435 784 498 122

266 623 348 687 circa
366 621 431 700 illa,
451 641 531 708 quae
556 621 677 708 propria
694 622 767 706 jura
788 620 913 706 capituli
926 618 1236 709 hamenburgensis,

265 733 384 800 comitis
426 732 736 799 Solms-Bmuthensis
771 744 866 819 atque
901 733 1055 798 Inferioris
1091 735 1237 801 Lusaciee

216 863 220 873 ·
264 847 421 912 nobilium⁴
448 845 696 912 immediatorum
728 844 905 932 respiciant,
936 846 1014 910 liber
1040 843 1086 910 his
1110 868 1236 913 manere

264 958 375 1026 debeat
388 959 426 1025 ad
440 960 540 1046 ipsum
556 982 660 1046 regern
676 981 766 1045 super
775 959 812 1022 iis
826 957 1052 1046 quaestionibus
1061 980 1200 1023 recursus
1210 960 1235 1027 ¹.

307 1072 483 1138 Notandum
492 1072 627 1159 denique
638 1082 691 1150 est,
706 1071 862 1157 prodiisse,
873 1071 904 1137 d.
920 1071 1125 1138 leminea.
1136 1076 1232 1155 1830,

262 1185 495 1252 Ordinationem
512 1184 551 1250 de
568 1184 771 1272 quibasdam,
791 1183 960 1249 secundum
974 1185 1075 1271 legem
1086 1188 1125 1248 27
1145 1186 1231 1249 Mart.

265 1301 363 1376 1824,
374 1297 413 1363 de
423 1297 519 1364 Ordd.
531 1298 619 1364 Pror.
635 1296 857 1373 Posniensibus,
869 1295 1006 1361 ulteriori
1022 1295 1235 1361 consultationi

262 1410 474 1495 subjiciendis,
492 1431 574 1497 qun,
595 1410 666 1496 ipsis
684 1409 887 1476 referentibus
900 1406 1136 1494 provincialibus
1153 1408 1234 1473 ordi·

261 1524 372 1604 nibus,
398 1535 465 1589 tum
496 1523 557 1590 alia
584 1535 674 1590 caute
707 1521 747 1588 de
776 1523 934 1608 equitatu,
963 1519 1071 1586 ordine
1100 1521 1234 1603 urbano,

261 1637 394 1713 rusticis,
416 1647 484 1702 tum
501 1635 648 1712 edictum,
670 1647 704 1701 ut
724 1636 887 1701 constituto
904 1658 924 1701 a
941 1635 1053 1701 comite
1070 1634 1235 1700 Athanasio

262 1748 500 1836 Racrynshiensi
516 1749 676 1834 mnjoratui
691 1746 775 1813 idem
794 1748 826 1813 in
843 1759 1000 1834 posterum
1018 1747 1070 1832 jus
1085 1747 1119 1812 in
1134 1750 1234 1835 primo

259 1860 440 1948 provinciali
459 1860 566 1925 ordine
584 1859 764 1945 adjunctum
786 1861 946 1939 habeatur,
964 1882 1001 1926 ac
1028 1882 1092 1948 quo
1116 1839 1231 1946 priuci-

261 1994 314 2060 pes
343 1971 625 2040 ThnmoTaxensis
658 1984 689 2039 et
714 1973 967 2040 Suthowshiensis
990 1973 1059 2061 tege
1090 1973 1150 2037 frui
1176 1973 1231 2058 ju·

259 2086 409 2166 beentur,
432 2088 476 2153 ita
490 2099 592 2153 tamen
604 2097 656 2166 ut,
678 2088 703 2152 si
721 2089 774 2153 atii
788 2087 931 2175 deinceps
943 2086 1230 2154 creatit'uerintma·

256 2198 392 2287 joratus‚
411 2198 510 2265 dictus
538 2222 640 2267 comes
661 2199 841 2266 Athsnusius
867 2201 1014 2265 tributam
1030 2199 1087 2265 sibi
1105 2200 1232 2264 t'sc'utta·

261 2325 322 2379 tem
339 2335 412 2379 cum
432 2315 558 2379 istorum
575 2313 782 2399 majoratnum
802 2312 1021 2400 possessoribus
1042 2312 1231 2398 conjunctim

261 2423 503 2490 sitrexercitnrus
523 2422 549 2490 ².

713 2536 787 2619 es.

538 2691 589 2759 De
610 2693 728 2760 ordine
747 2696 937 2785 Equitatus.

301 2871 338 2935 In
365 2867 492 2957 singulis
518 2871 681 2956 provinciis
707 2884 882 2939 conventus·
897 2873 1007 2939 honori
1040 2872 1127 2939 hicce
1155 2871 1230 2939 ordo

258 2981 457 3049 admovetur:
470 2984 503 3049 in
513 2985 786 3074 brandenburgiri,
808 3009 845 3052 ac
857 2987 976 3069 Posniri‚
992 3008 1064 3052 cnm
1076 2986 1230 3051 nobilibus

257 3095 441 3162 immediatis
474 3109 663 3165 concurrunt
695 3100 814 3186 equites
847 3099 885 3164 ad
922 3099 1057 3186 primum
1089 3097 1231 3163 ordinem

258 3208 470 3287 efficiendum,
504 3233 598 3296 quem
620 3211 653 3276 in
679 3210 817 3276 Bnrussid
841 3222 871 3277 et
896 3212 1075 3277 Pomeranisi
1103 3211 1173 3276 solis
1192 3209 1229 3274 iis

258 3342 322 3386 esse
336 3324 540 3408 compositum
560 3337 701 3410 apparct;
729 3326 761 3388 in
782 3324 937 3399 Rhenanis
953 3324 1086 3410 denique
1105 3323 1229 3409 prosin-

258 3433 330 3513 ciis,
342 3435 374 3498 in
385 3435 576 3521 Westpbalisi
593 3417 685 3522 atque
697 3437 824 3501 Samniti
844 3435 995 3501 secundus
1007 3434 1137 3501 habetur
1152 3434 1227 3500 ordo

260 3549 427 3634 equitatus.

301 3661 337 3725 ln
367 3660 530 3746 provinciis
556 3660 825 3748 brandenburgih‚
864 3660 1059 3737 Pomeraniti‚
1099 3658 1226 3736 Posuiri,

257 3773 396 3852 Saronih,
413 3784 447 3837 ut
465 3772 557 3858 possit
575 3773 643 3859 quis
658 3774 756 3838 socius
773 3773 805 3838 in
825 3774 962 3839 ordinem
976 3774 1127 3860 equitatus
1141 3771 1224 3859 eligi,

260 3934 474 3946 ..ι-...-

293 4024 299 4056 ¹
324 4026 369 4073 Les
379 4025 408 4074 de
426 4002 558 4076 brandenbi
581 4028 643 4093 ddi,
661 4032 691 4079 al.
711 4033 734 4079 t.

292 4115 302 4147 ²
320 4117 423 4165 Ordinat.
441 4118 473 4168 15
491 4123 545 4171 Dec.
566 4120 640 4183 1830,
659 4125 707 4170 brt.
728 4122 749 4170 l.
