2738 4740
728 397 776 487 ar,

261 587 381 653 cunctis
401 586 462 648 suis
480 606 553 670 erga
573 582 742 667 Imperium
760 581 996 668 obligationibus
1020 584 1229 648 renuntiarent

261 720 444 785 ueramque,
459 721 491 764 se
501 698 580 762 duce
594 708 689 783 atque
704 697 838 783 auspice,
852 696 1024 762 societatem
1036 697 1230 762 instituerent

261 813 431 898 ejusmodi,
459 834 540 899 quae
560 822 702 877 mutuam
728 810 893 876 amicitiam
916 810 1123 877 stabiliendam
1145 813 1229 875 auri-

260 928 358 1013 liique
386 937 528 990 mutuam
553 923 786 1011 praestationem
808 922 1001 988 sanciendam
1020 924 1111 988 unice
1135 924 1228 1008 respi-

261 1039 362 1116 ciens,
387 1038 531 1104 adsersus
559 1058 823 1124 quorumcunque
849 1035 981 1101 bostium
1006 1039 1229 1124 aggressionem

260 1151 470 1215 firmissimum
503 1149 562 1214 illis
590 1148 773 1235 praesidium
798 1147 1005 1233 suppeditaret
1024 1151 1046 1214 ¹.
1098 1149 1153 1213 Cui
1185 1151 1229 1213 rei

261 1264 422 1329 obeundae
443 1262 602 1328 commoda
625 1273 700 1326 tunc
719 1262 868 1348 imprimis
890 1272 992 1325 exorta
1013 1272 1056 1325 est
1075 1273 1228 1348 opportu—

260 1379 357 1453 nitas,
390 1386 569 1463 postquam,
603 1376 706 1440 denuo
737 1374 975 1454 exardescente,
1017 1396 1099 1440 auno
1130 1381 1229 1448 1805,

259 1512 332 1554 cum
360 1490 525 1554 austriacis
551 1488 730 1565 inimicitia,
753 1487 791 1553 ad
819 1486 912 1553 hosce
939 1486 1136 1553 debellandos
1159 1511 1231 1574 ope·

259 1625 326 1666 ram
360 1624 446 1666 suam
479 1604 665 1666 Francorum
704 1601 796 1664 armis
828 1601 1028 1676 Barareuses,
1059 1601 1229 1675 Badenses,

259 1715 570 1800 wurtembergenses
597 1714 821 1797 adjunxissent:
856 1713 941 1778 brevi
965 1724 1068 1778 autem
1096 1725 1164 1799 post
1188 1715 1232 1778 sio

257 1827 297 1892 ad
324 1827 432 1892 incitas
461 1826 575 1891 redacti
594 1828 745 1892 Austriaci
766 1828 912 1904 luissent,
937 1837 981 1903 ut,
1002 1847 1076 1910 pace
1098 1826 1230 1891 ineunda

258 1939 486 2026 Presburgensi,
506 1961 569 2003 non
587 1950 706 2004 tantum
726 1963 802 2027 agro
820 1939 971 2007 Venetico
988 1939 1143 2004 cessissent
1159 1939 1229 2003 uni-

257 2075 362 2130 verso,
382 2074 489 2117 rerum
512 2053 603 2117 etiam
625 2053 663 2117 de
688 2054 742 2127 iis,
768 2076 844 2140 quas
866 2055 946 2117 intra
969 2052 1167 2118 Germaniam
1187 2061 1231 2113 te·

257 2178 385 2245 nerent,
411 2167 593 2252 provinciis,
612 2167 787 2254 Tyroliam,
802 2166 1060 2253 Vorarlbergiam,
1086 2165 1231 2229 Suabicas

257 2280 407 2365 regiones,
426 2255 500 2343 elias
515 2279 696 2355 amisissent,
713 2301 794 2365 quae
809 2279 955 2344 ditissima
971 2278 1066 2365 spolia
1085 2277 1231 2363 deinceps

256 2391 337 2452 inter
357 2390 453 2453 socios
469 2413 538 2454 suos
557 2391 768 2457 distribuenda
790 2403 950 2457 curaverat
969 2412 1145 2458 aaronem.
1177 2394 1231 2455 At·

255 2523 319 2587 que
341 2503 538 2586 impetratum
567 2526 603 2568 eo
621 2527 747 2591 quoque
769 2518 907 2592 tempore
926 2506 1003 2587 luit,
1022 2517 1057 2571 ut
1076 2529 1232 2571 summum

255 2614 420 2697 imperium
449 2615 609 2681 foederatis
641 2620 826 2683 electoribus
848 2620 879 2684 in
901 2642 955 2684 sua
976 2621 1091 2706 cuique
1110 2620 1233 2684 civitate

256 2723 338 2787 baud
366 2747 453 2790 secus
479 2739 573 2814 atque
603 2730 635 2793 in
665 2731 801 2795 subditos
830 2732 901 2816 ipsis
929 2734 1012 2798 eires
1037 2732 1175 2797 lustriae
1195 2754 1232 2796 ac

255 2837 412 2902 Borussiae
435 2839 624 2925 principibus
651 2845 869 2927 competeret²,
894 2845 978 2931 regia
1004 2855 1106 2910 autem
1128 2844 1232 2930 digni·

256 2958 317 3012 tate
337 2949 479 3015 Barariae
491 2953 827 3041 Wurtembergiaeque
847 2968 980 3021 rectores
1000 2958 1231 3022 decemrentur.

255 3061 345 3123 Serto
366 3083 437 3126 vero
460 3075 528 3147 post
551 3087 665 3140 mense,
689 3066 821 3132 sedecim
840 3070 997 3154 principes
1017 3071 1196 3136 Germanici
1219 3071 1232 3113 ³

253 3203 457 3218 ¹⁸-—

293 3265 299 3296 ¹
320 3269 446 3330 lltcnuoan,
463 3272 477 3336 p
494 3271 559 3329 607;
582 3275 795 3338 Stratsgesebicbte
812 3279 925 3340 Europa's
944 3296 990 3327 rou
1009 3280 1033 3327 d.
1052 3280 1132 3328 Presb.
1152 3280 1232 3328 driade

257 3356 293 3401 bia
319 3375 370 3406 rum
397 3362 477 3410 frioda
502 3381 547 3411 ron
565 3366 642 3427 Tilsit,
659 3369 718 3416 tab.
738 3367 814 3430 1809,
833 3388 855 3433 p.
874 3370 919 3431 57,
937 3387 990 3434 sqq.
1027 3378 1133 3433 nudata,
1157 3373 1183 3421 0.
1202 3373 1231 3420 ll-

256 3442 279 3489 r.
297 3445 323 3492 r.
341 3448 368 3495 a.
386 3452 399 3513 s
415 3449 458 3499 23.

292 3532 301 3561 ⁹
320 3537 438 3602 Marnas,
456 3542 608 3605 supplement
625 3564 656 3594 au
674 3549 781 3609 tteeueit,
798 3551 824 3598 T.
839 3552 879 3612 n,
896 3550 990 3614 p.212;
1010 3553 1231 3620 erosnoar,§607;

258 3627 366 3686 astrea,
390 3632 416 3679 0.
434 3634 463 3680 tt.
480 3636 504 3683 d.
523 3639 549 3684 T.
568 3639 594 3684 B.
617 3637 697 3702 §273
718 3656 778 3689 noce
797 3652 821 3690 et
838 3658 950 3706 sonoras,
973 3648 1034 3695 Eiet.
1060 3649 1165 3709 tbrtgte
1190 3647 1233 3694 des

258 3709 356 3773 tritten,
375 3718 399 3764 V.
421 3723 470 3783 lll,
489 3743 512 3785 p,
531 3726 590 3788 435,
608 3746 660 3793 sqq.

270 3885 274 3894 Ι
292 3797 303 3827 ³
320 3800 426 3899 Scilicet:
447 3829 488 3859 rex
506 3816 627 3880 Barariae,
645 3839 686 3868 rex
705 3824 913 3890 wurtembergiae,
937 3833 1233 3882 elector-archicancella-

258 3901 305 3931 ¹¹1¹·
326 3904 375 3936 'tte
399 3899 504 3962 prinecps
522 3908 617 3971 prinas,
636 3914 725 3962 elector
743 3916 924 3988 (magnus-dux)
942 3922 1066 3986 badensis,
1090 3927 1138 3974 dux
1158 3927 1232 3991 (mag-

258 3975 372 4043 nus-dux)
408 3986 520 4039 Glirensis
556 4000 701 4064 Montensis,
737 4008 879 4071 landgrarur
912 4016 1096 4082 (mamm)
1134 4021 1232 4067 fimi„

259 4061 457 4127 ''mummi''
476 4083 580 4146 Pll¹¹⁶⁰lt⁸
598 4091 664 4157 (dor)
679 4097 802 4148 Narsoriae
817 4104 960 4170 Usingeosis,
973 4110 1082 4174 princeps
1102 4112 1231 4160 Nassoriae
