2738 4740
634 445 695 507 190

180 637 256 713 quot
275 627 308 689 in
329 645 454 712 quoque
472 622 640 711 municipio
662 624 744 688 eirea
771 621 923 688 habentur
947 621 1151 688 serendorum

179 738 391 825 suffragiorum
409 759 446 802 ex
461 737 630 822 praeceptis
646 735 727 820 juris
744 734 862 822 publici
877 734 1055 821 participes,
1065 758 1153 802 com-

179 850 282 916 munis
300 850 420 915 consilii
438 849 535 915 socios
552 858 607 914 aut
626 846 765 913 undenos
785 857 840 913 aut
855 846 943 912 binos
963 846 1154 937 vicenosque

179 977 233 1031 aut
259 966 352 1031 trinos
378 964 512 1052 denique
538 986 576 1029 ac
601 963 743 1041 tricenos,
770 962 874 1049 prouti
893 960 996 1028 variae
1023 961 1153 1028 urbium

180 1077 376 1164 amplitudini
406 1077 521 1162 optime
549 1075 714 1140 convenire
738 1056 935 1151 eiistimatun
956 1073 1001 1140 ita
1018 1074 1152 1162 eligam,

180 1202 226 1269 ut,
242 1192 354 1277 quibus
372 1190 476 1277 plures
492 1211 586 1277 quam
605 1188 732 1255 caeteris
751 1188 881 1276 singulis
901 1187 1014 1255 calcidi
1034 1188 1154 1277 obtige-

180 1303 263 1381 rint‚
288 1302 320 1367 bi
342 1302 486 1388 deinceps
513 1303 571 1367 rite
594 1300 743 1367 nomimti
770 1310 964 1367 censeantur.
1008 1302 1065 1367 llis
1094 1324 1152 1368 aar·

181 1426 243 1480 tem
275 1414 514 1481 consiliatoribus
539 1436 652 1479 mnnus
682 1412 853 1491 incumbit,
885 1433 950 1500 quo
981 1424 1013 1478 et
1042 1413 1152 1502 borgi-

182 1528 325 1616 magister
348 1538 379 1593 et
398 1529 598 1615 amplioribus
615 1528 649 1593 in
665 1526 784 1614 oppidis
804 1548 884 1591 unns
901 1525 1001 1591 duore
1019 1526 1156 1593 adsesso-

182 1662 228 1705 res
266 1640 506 1720 constituantur,
545 1641 640 1706 trinos
673 1639 721 1705 sui
755 1634 877 1727 collegii
909 1640 1005 1705 socios
1043 1639 1156 1706 circuli

181 1751 424 1818 moderatoribus
450 1775 638 1840 proponere,
664 1773 728 1839 qua
757 1751 967 1839 designatione
994 1751 1155 1832 iacienda,

179 1863 218 1930 ad
237 1862 330 1931 denos
345 1875 399 1929 aut
408 1864 530 1931 vicenos
548 1876 604 1930 aut
624 1866 756 1931 tricenos
776 1866 901 1930 illorum
922 1864 1030 1931 reduci
1047 1867 1155 1932 multi·

180 1975 322 2042 tudinem
350 1998 473 2044 necesse
501 1987 557 2044 est.
601 1978 684 2043 llaec
718 1999 844 2065 quoque
868 1978 1103 2066 burgimagistri
1127 1991 1159 2044 ct

181 2089 346 2156 adsessores
366 2092 542 2158 communia
563 2089 696 2168 babent,
719 2091 802 2178 quod
821 2090 947 2178 utrique
965 2092 1051 2158 omni
1067 2093 1159 2178 plane

182 2204 332 2292 stipendio
352 2228 466 2289 carcre,
481 2226 596 2271 munus
611 2226 684 2271 reso
705 2225 796 2270 suum
823 2226 879 2290 per
903 2204 1158 2291 quinquennium

184 2318 318 2382 retinere
342 2319 503 2405 jubentur.
555 2319 596 2383 Ar
623 2319 728 2385 curiae
757 2316 888 2383 bonores
914 2339 972 2404 per
999 2317 1188 2407 integrum.

184 2428 370 2492 decennium
391 2429 517 2495 urbanis
540 2430 717 2495 consiliariis
735 2430 968 2516 permittuntur,
988 2431 1161 2498 decedendi

183 2539 253 2625 lege
271 2537 398 2626 singulis
412 2541 635 2626 quinquenniis
651 2542 740 2606 alteri
756 2542 893 2628 ipsorum
910 2543 990 2628 parti
1003 2543 1161 2630 imposita,

183 2651 292 2716 relicta
313 2662 416 2717 umen
434 2674 547 2718 norum
567 2653 739 2741 accipiendi
760 2654 940 2721 mandatum
959 2655 1105 2723 libertate
1123 2659 1147 2725 ¹.

219 2848 227 2879 ¹
246 2849 394 2912 Prornnlgata
408 2858 454 2912 est,
469 2848 493 2897 d.
511 2847 542 2898 17
560 2850 619 2900 tter.
638 2847 715 2913 1837,
730 2851 770 2899 lex
787 2850 817 2898 de
831 2850 1010 2913 municipalium
1021 2849 1163 2901 consiliato-

182 2958 234 2989 rurn
250 2943 276 2989 in
292 2943 391 2991 bavarii
407 2941 521 2992 Rhenana
536 2942 707 3007 denigratione,
726 2960 773 3007 qna
787 2953 837 2992 tum
850 2943 898 2992 alia
914 2943 1038 2992 inmutata
1054 2943 1161 3006 inerut,

183 3044 233 3083 tum
256 3035 291 3083 sic
312 3035 448 3085 deminutus
464 3036 642 3086 consiliatorum
664 3037 691 3086 in
709 3052 804 3101 qnoque
822 3037 950 3101 municipio
968 3053 1097 3100 nomene,
1117 3046 1161 3101 at,

183 3145 225 3193 pro
237 3130 302 3178 vasa
317 3104 475 3180 isunnam
484 3130 648 3194 surerenas,
658 3130 744 3179 saun
753 3130 1163 3195 imaginemus-seem,

184 3237 228 3271 neo
243 3224 366 3285 pauciores
383 3241 453 3288 quarn
470 3234 524 3274 octo
546 3241 592 3274 nee
608 3226 688 3289 plnres
704 3242 776 3289 quana
797 3226 882 3288 viginti
898 3234 986 3289 septem
1003 3225 1086 3274 lorent
1104 3241 1163 3277 σοι·

182 3314 312 3375 etitnendi;
326 3326 376 3366 turn
391 3317 470 3380 etiarn,
488 3317 514 3366 in
530 3318 605 3367 trinae
621 3320 710 3368 classes
726 3319 819 3382 oppidis
830 3320 960 3383 dispositis,
972 3328 1043 3383 prout
1056 3319 1102 3368 illa
1112 3320 1163 3370 sire

183 3408 261 3458 decies
278 3408 354 3472 mille,
369 3409 400 3458 ad
416 3409 547 3473 minimum,
564 3413 614 3460 sire
636 3413 673 3460 bis
689 3411 755 3460 mille
774 3422 797 3460 et
819 3413 965 3476 quingentis,
985 3413 1036 3460 sire
1058 3411 1164 3477 deniqne

182 3503 334 3566 paucioribue
356 3504 442 3554 incolis
463 3505 684 3568 frequentarentur:
705 3516 809 3571 mutam,
825 3516 853 3556 ut
868 3507 987 3556 senatorio
1007 3507 1119 3572 muneri,
1139 3509 1165 3557 ia

183 3613 289 3659 supressa
304 3597 380 3646 classe
395 3614 435 3647 eor
452 3607 544 3648 tautum
559 3600 679 3649 admoveri
691 3601 782 3663 liceret,
799 3601 842 3664 qui
857 3601 950 3663 tertiae,
965 3602 991 3650 in
1008 3600 1098 3662 medis,
1124 3602 1166 3666 qni

183 3687 302 3752 dimidiae,
319 3690 345 3738 in
360 3689 440 3738 infima
461 3693 546 3754 classe,
567 3694 609 3756 qui
626 3693 718 3742 dnabnr
737 3693 812 3743 tertiis
831 3695 931 3743 naxium
954 3694 1046 3743 tributo
1060 3696 1167 3758 gravatis

183 3779 341 3831 habitantium
358 3783 466 3846 partibus
479 3795 670 3835 aceenmrentnr.
687 3785 739 3834 lid.
754 3800 778 3834 c.
795 3799 816 3834 r.
833 3799 906 3850 nou,
923 3788 965 3836 llie
979 3785 1109 3852 dermalige
1122 3790 1168 3839 tte-

183 3861 385 3940 nleindeordnnng
408 3878 433 3926 in
452 3877 493 3926 der
510 3875 657 3927 baierieclren
679 3878 763 3940 l’lals,
780 3879 822 3927 rnit
840 3880 984 3943 lndeatang
1000 3879 1044 3928 der
1060 3892 1172 3933 me·

183 3965 287 4016 liobsten
304 3969 394 4032 lda‘rrgel
410 3969 535 4020 derselben
548 3969 599 4020 nnd
608 3969 765 4033 Vorscbl'r'gen
780 3988 822 4019 rur
837 3971 995 4036 Begrfiadnag
1007 3971 1077 4022 einer
1087 3991 1171 4027 aeaea

182 4058 478 4123 Communslorgsnisation
493 4063 530 4111 in:
548 4064 612 4112 liene
628 4062 776 4112 Jsbrbriolrer
792 4062 834 4112 der
847 4062 987 4113 Gescbiobte
1003 4065 1055 4114 und
1068 4067 1174 4133 Politik,

186 4146 261 4211 1843,
279 4151 318 4198 ll0.
340 4150 366 4213 l,
382 4170 405 4215 p.
423 4153 466 4215 46,
486 4172 538 4217 sqq.
