2738 4740
652 414 713 475 172

196 600 333 666 habitent
351 599 489 665 districtu
506 598 567 664 sire
587 600 704 679 minus,
722 598 861 664 electoris
872 597 1056 686 designandi
1069 604 1173 688 gratil

195 714 391 779 advocantur.
436 714 472 777 ln
491 711 585 778 hacce
603 722 706 776 autem
727 712 876 777 concione
889 711 1025 776 officium
1048 713 1172 780 decano

195 828 347 893 incumbit
364 837 431 891 vota
454 825 566 910 scripto
584 824 725 889 mandata
748 823 912 911 colligendi
930 824 1026 911 inque
1048 827 1171 891 tabulas

195 937 356 1017 referendi,
372 937 425 1002 has
443 959 514 1002 vero
531 937 764 1024 suffragantium
780 936 919 1001 omnium
936 937 1170 1024 subsignatione

195 1053 396 1129 confirmatas,
414 1073 468 1138 per
483 1050 615 1129 eosdem,
639 1049 753 1136 quibus
773 1050 949 1116 auctoribus
973 1050 1071 1116 initus
1091 1073 1168 1118 cou-

194 1189 290 1232 sessus
316 1165 393 1242 luit,
418 1163 537 1249 judices
563 1184 636 1228 cum
655 1162 813 1248 praelectis
841 1162 995 1228 districtui
1022 1186 1168 1230 commu·

194 1278 328 1344 nicandi.
374 1278 460 1359 Quae
475 1276 660 1363 presbyteria
680 1276 775 1340 nullis
792 1274 947 1363 adsignata
966 1275 1167 1368 decanatibus

193 1395 337 1470 fuerunt,
351 1413 423 1457 cum
447 1390 577 1455 maxime
593 1389 692 1454 ricino
713 1389 832 1476 eligunt
847 1389 1055 1455 communiter
1070 1391 1167 1478 inque

194 1506 302 1572 eodem
323 1503 491 1570 sacerdotes
508 1503 644 1588 ipsorum
666 1504 809 1567 electores
832 1502 975 1567 constitui
997 1504 1167 1588 possuntt.

194 1623 274 1684 Tum
291 1618 409 1682 veroin
426 1616 553 1702 singulis
571 1614 756 1680 districtibus
784 1615 988 1679 decanatuum
1019 1616 1166 1682 electores

194 1729 342 1794 nominati
367 1727 405 1791 ad
434 1727 558 1791 illorum
591 1727 705 1812 legatos
736 1725 937 1812 designandos
962 1727 995 1791 in
1021 1728 1168 1817 suffragia

194 1838 336 1903 mittendi
360 1848 447 1915 sunt,
466 1858 552 1902 nunc
569 1858 694 1923 quoque
716 1837 833 1901 tabellis
854 1838 998 1923 inscripta
1017 1851 1088 1904 vota
1103 1864 1166 1918 sua,

194 1950 344 2037 adjunctis
370 1950 507 2037 symbolo
538 1949 699 2037 verbisque
726 1949 928 2034 jurisjurandi
958 1950 1166 2032 solemnibus,

195 2065 316 2132 edituri.
355 2064 436 2129 Illud
456 2063 551 2152 igitur
570 2073 641 2149 agat
659 2061 811 2127 districtui
828 2063 1022 2148 praelectum
1040 2086 1168 2132 neccsse

195 2190 260 2257 est,
293 2190 329 2243 ut
358 2179 527 2243 electorum
551 2176 719 2262 perscripta
753 2174 842 2239 series
864 2175 901 2238 iis
928 2176 1094 2256 omnibus,
1129 2178 1169 2244 de

195 2293 307 2377 quibos
338 2290 395 2354 sibi
434 2289 576 2373 deinceps
605 2288 792 2366 innotuerit,
829 2309 863 2352 ca
901 2288 1036 2366 ratione,
1072 2311 1167 2376 quam

195 2404 277 2468 circa
299 2400 448 2465 nobilium
467 2422 670 2485 possessorum
688 2399 917 2465 advocationem
939 2397 1099 2466 delinitam
1121 2403 1167 2466 ri-

195 2512 306 2588 dimus,
329 2510 474 2576 tradatur.
507 2511 569 2592 Qui
587 2512 799 2598 magistratus,
818 2512 851 2576 in
867 2510 1040 2596 aperiendis
1062 2535 1167 2580 coram

195 2624 335 2710 quinque
355 2623 500 2708 proximis
522 2622 706 2688 electoribus
727 2624 846 2688 tabellis
866 2626 1057 2710 caeterisque
1075 2626 1168 2691 deiu-

196 2760 267 2823 ceps
283 2734 461 2813 lectitandis,
477 2758 558 2823 quae
573 2736 610 2801 ad
627 2735 841 2824 suffragiorum
852 2737 1060 2803 recensionem
1076 2739 1167 2805 aesti-

195 2851 424 2936 mationemque
449 2850 637 2937 pertineant,
660 2850 803 2916 eumdem
827 2853 940 2938 pariter
962 2853 1049 2938 sequi
1072 2853 1166 2919 ritum

191 2966 331 3050 jubetur,
354 2987 462 3051 quem,
485 2987 557 3031 cum
583 2964 622 3031 de
649 2965 800 3030 nobilium
829 2965 941 3030 ordinis
964 2967 1167 3034 electionibus

195 3099 366 3165 ageremus,
384 3100 475 3162 supra
496 3080 688 3164 exposuimm
705 3079 728 3145 ².

240 3189 499 3278 Quandoquidem
516 3213 587 3256 vero
602 3194 635 3255 iu
650 3191 798 3256 Rhenano
814 3193 929 3257 circulo
938 3193 1167 3277 pontificiamm

196 3303 379 3392 dignitatum
399 3305 503 3390 paullo
531 3304 648 3370 diversa
674 3304 836 3390 descriptio
856 3304 1031 3391 diversique
1052 3307 1167 3394 gradus

198 3415 418 3492 obtinuissent,
440 3415 506 3481 lieri
529 3416 656 3482 minime
673 3417 787 3504 potuit,
813 3429 847 3484 ut
864 3431 1032 3484 memorata
1051 3421 1091 3486 de
1107 3419 1167 3486 bu·

193 3531 281 3614 jusce
306 3528 427 3595 ,ordinis
457 3530 659 3595 electionibus
685 3530 816 3615 placita,
848 3531 892 3596 uti
922 3531 1048 3597 caeteris
1078 3535 1169 3620 regni

198 3643 375 3727 provinciis,
398 3643 439 3707 ita
463 3642 511 3706 isti
536 3664 662 3728 quoque
687 3666 809 3729 prorsus
834 3645 1043 3710 convenirent.
1089 3647 1170 3712 lude

197 3754 292 3838 igitur
316 3754 479 3840 peculiaria
504 3754 659 3820 fluxerunt
686 3754 800 3821 decreti
826 3761 844 3820 5
869 3757 994 3823 Octobr.
1018 3761 1104 3825 1818
1129 3760 1169 3825 de

238 4024 244 4054 ¹
260 4024 332 4072 Ediet.
351 4025 379 4070 de
396 4042 463 4072 conr.
482 4025 532 4071 ord.
551 4025 569 4071 l.
587 4041 607 4071 e.
626 4023 691 4090 §lib

234 4115 243 4147 ²
262 4117 319 4163 lbid.
339 4118 357 4167 l.
374 4134 394 4164 c.
415 4116 429 4181 §
447 4116 489 4177 20,
507 4118 563 4166 coll.
582 4118 594 4182 p
614 4117 644 4165 ll
663 4128 684 4164 et
707 4117 746 4164 15.
