2738 4740
777 448 838 511 176

323 631 387 717 agri
410 627 637 717 (Burgiriedcn)
667 627 963 715 comprehendendi,
988 628 1050 692 sire
1079 628 1208 694 minoris
1226 652 1294 695 am-

323 744 479 832 plitudinis
508 744 638 830 oppida,
662 744 773 830 quibus
798 745 898 808 lorum
917 764 1020 807 rerum
1041 745 1200 808 renalium
1220 765 1293 830 snp-

323 856 489 944 peditaret,
511 857 573 920 sire
600 855 734 942 denique
758 855 829 942 pagi
865 854 1133 939 universitatibus,
1152 855 1193 921 ad
1219 877 1293 922 con-

322 969 403 1034 ditae
423 991 521 1056 usque
541 969 616 1055 legis
641 979 770 1055 tempus,
788 990 843 1052 per
862 991 894 1033 se
913 968 1026 1056 singuli
1046 969 1176 1033 luissent
1192 969 1292 1034 adnn-

323 1084 431 1148 merati
453 1105 489 1147 ac
512 1093 578 1146 tum
600 1082 757 1167 proprium
780 1080 871 1146 rebus
897 1080 957 1145 suis
978 1081 1177 1166 procurandis
1205 1105 1291 1147 aera·

323 1197 404 1260 rium
420 1193 614 1271 habuissent,
636 1205 702 1258 tum
724 1204 805 1259 certa
822 1195 895 1278 jura
921 1194 1119 1280 municipalia
1136 1196 1291 1261 exercuis-

322 1320 405 1373 sent:
428 1307 536 1372 iisdcm
560 1307 814 1372 communionum
840 1317 963 1383 natura,
987 1307 1164 1382 facultates,
1192 1307 1290 1372 officia

322 1421 354 1485 in
381 1431 536 1507 posterum
565 1419 656 1483 etiam
685 1417 785 1482 iorent
806 1416 999 1482 attribuenda
1018 1417 1040 1483 ¹.
1083 1421 1116 1501 2)
1136 1420 1175 1484 Ut
1195 1429 1290 1485 terra-

323 1556 391 1597 rum
414 1542 527 1598 tractus
541 1531 599 1607 illi,
623 1530 973 1627 quibuspatrimonialis
993 1532 1163 1616 praeposita
1187 1531 1291 1596 luisset

318 1644 499 1731 jurisdictio,
522 1665 616 1707 unam
638 1643 777 1728 pluresve
793 1643 1024 1708 communiones
1043 1644 1084 1708 ita
1101 1645 1291 1730 complexuri

322 1766 431 1832 essent,
451 1756 486 1831 si,
502 1757 535 1818 in
547 1754 725 1819 continuam
740 1753 849 1818 seriem
869 1755 1011 1820 omnibus
1029 1756 1167 1841 partibus
1188 1755 1289 1844 dispo-

321 1867 394 1944 sitis,
408 1876 549 1951 aptomm
565 1866 844 1952 conclusommque
857 1869 953 1932 lormi
969 1889 1133 1953 corpomm
1149 1869 1289 1956 undique

321 1988 520 2044 comerentur
539 1977 564 2044 ².
596 1974 629 2063 3)
655 1979 707 2058 Ut,
733 1977 785 2041 ubi
804 1978 890 2063 plum
914 1979 980 2044 loca
997 1980 1087 2064 spatii
1106 1991 1203 2067 atque
1224 2003 1290 2047 mo-

320 2093 417 2156 menti
440 2090 541 2177 exigui
567 2089 665 2156 vicina
689 2090 810 2154 sibimet
828 2090 962 2155 invicem
983 2093 1203 2176 reperirentur,
1226 2095 1290 2159 siro

319 2205 391 2291 pagi
412 2214 510 2269 essent
524 2205 653 2290 propriis
669 2201 815 2269 reditibus
833 2203 1024 2290 propriisque
1031 2205 1156 2290 juribus
1167 2217 1288 2272 utentes

320 2317 430 2398 nullis,
455 2317 517 2380 sire
549 2315 689 2401 praedia,
718 2317 817 2381 molae
841 2315 1015 2381 aediliciare
1039 2318 1193 2397 solitaria,
1214 2318 1288 2386 haec

318 2437 372 2491 aut
394 2428 426 2491 in
450 2449 547 2492 norae
567 2429 699 2514 speciem
727 2428 926 2493 universitatis
949 2429 1216 2517 conjungerentur
1236 2442 1289 2497 aut

318 2537 378 2615 illi,
403 2560 421 2602 a
446 2560 507 2624 qua
534 2539 663 2603 minimo
687 2538 832 2604 distarent
858 2540 1036 2618 intervallo,
1059 2542 1288 2609 adsociarentnr

319 2649 528 2716 communioni
547 2649 570 2716 ³.
599 2651 688 2732 Quae
706 2673 777 2716 vero
794 2652 833 2716 de
853 2652 1072 2738 componendis
1092 2659 1287 2722 communio·

317 2763 409 2828 nibus
431 2763 556 2849 insuper
575 2763 692 2850 provisa
716 2765 852 2842 fuemnt,
872 2777 942 2830 utut
958 2767 1028 2832 satis
1045 2789 1102 2853 per
1121 2790 1155 2833 se
1171 2789 1287 2833 memo-

318 2875 445 2954 rabilia,
466 2875 586 2940 silentio
609 2887 748 2941 tamena
771 2877 858 2941 nobis
881 2879 1173 2963 praetermittentur,
1188 2903 1287 2968 quum

316 2989 354 3055 ad
374 2989 467 3053 nostri
482 2987 606 3075 quidem
624 2987 857 3055 illustrationem
871 2992 1056 3076 argumenti,
1066 2994 1155 3077 cnjus
1170 2993 1289 3060 scilicet

317 3101 413 3188 gratid
444 3100 524 3166 hanc
547 3100 764 3189 digressionem
791 3102 994 3187 instituimus,
1027 3102 1105 3169 nihil
1130 3107 1287 3190 pertinere

316 3213 476 3277 videantur
492 3213 516 3280 ².

359 3327 505 3413 Sequitur
524 3326 713 3410 specierum,
736 3328 769 3390 in
792 3348 868 3412 quas
887 3326 1119 3416 distinguuntur
1140 3352 1286 3398 commu·

315 3440 439 3514 nioncs,
466 3437 621 3504 indicatio.
667 3439 731 3503 Hac
755 3450 857 3503 autem
887 3438 1017 3525 duplicis
1042 3452 1113 3506 sunt
1145 3445 1286 3531 generis,

315 3563 406 3638 prout
422 3561 476 3615 aut
494 3550 588 3616 urbes
599 3572 669 3615 rere
687 3552 730 3617 sic
744 3550 843 3617 diotae
860 3550 962 3638 deque
979 3553 1149 3618 minoribus
1165 3557 1286 3642 oppidis

313 3665 459 3752 ampliora
484 3663 694 3751 significentur
717 3675 771 3729 aut
794 3664 833 3729 de
855 3665 1008 3730 ruralibus
1027 3677 1137 3753 agatur
1159 3669 1286 3735 unirer·

313 3779 468 3854 sitatibus,
489 3775 628 3842 tenuiora
650 3777 771 3863 oppida,
789 3799 883 3865 pagos
903 3799 940 3843 ac
960 3779 1027 3843 loca
1046 3778 1179 3845 solitaria
1199 3803 1287 3847 com·

349 4045 356 4078 ¹
375 4046 449 4095 Edict.
466 4046 496 4094 de
512 4064 576 4094 mun.
595 4055 671 4095 const.
689 4053 713 4093 et
730 4045 791 4093 adm.
807 4046 854 4095 lit.
872 4047 893 4107 l,
910 4045 925 4114 ᾗ
943 4046 967 4095 l.

347 4137 358 4170 ²
375 4138 436 4189 lbid.
453 4140 470 4187 l.
488 4155 509 4188 c.
527 4139 540 4207 p
560 4136 585 4187 2.
662 4137 749 4187 ⁸lbid.
767 4138 785 4187 l.
803 4155 825 4188 o.
844 4138 857 4205 ᾗ
875 4136 900 4187 3.
972 4137 1060 4189 libid.
1079 4140 1097 4188 l.
1115 4156 1137 4190 a.
1156 4141 1186 4209 ᾗῇ
1204 4143 1286 4195 4-7.
