2738 4740
716 403 758 463 54

258 587 408 672 deniqne,
433 596 466 648 nt
487 585 608 670 plenius
631 584 759 647 lubidini
780 604 853 645 suae
874 580 1076 654 satisfaceret,
1101 598 1234 661 regnum

256 720 319 763 non
339 709 456 764 tantum
468 696 645 761 hollandiae
665 695 716 760 sed
736 694 841 780 magui
862 693 954 756 etiam
973 691 1103 754 ducatus
1116 691 1235 753 Monta-

258 813 291 876 ni
310 811 466 897 ipsiusque
481 810 611 874 cin'tatis
622 806 849 892 Westphalicae
866 816 978 891 partes,
992 802 1085 867 urbes
1101 801 1237 887 denique

256 923 447 989 Hauseaticas
467 921 629 986 Francicae
646 921 754 984 ditioni
778 917 969 1001 subjiciendo
997 938 1098 1001 eaque
1127 936 1239 998 oppor-

259 1035 390 1100 tunitate
418 1034 705 1120 Oldenburgeusem
726 1032 873 1096 ducatum
893 1027 1110 1115 expungendo,
1128 1029 1239 1090 Arem·
1296 1051 1299 1055 ·

259 1149 439 1234 bergensem
459 1169 531 1212 vero
552 1170 589 1211 ae
616 1147 785 1210 Salmenses
813 1144 966 1228 principes
987 1141 1132 1216 summis,
1156 1160 1239 1224 quae

256 1261 294 1324 iis
316 1261 542 1345 competebant,
561 1259 685 1344 juribus
707 1256 900 1322 destituendo
923 1257 946 1320 ¹.

302 1373 410 1437 Paucis
441 1372 482 1437 ita
508 1369 776 1455 complectendum
807 1369 1048 1432 existimavimus
1070 1386 1238 1452 quaenam,

258 1499 326 1551 tum
349 1486 481 1571 Imperio
500 1485 685 1550 Germanico
707 1483 868 1558 universo,
891 1494 957 1547 tum
983 1482 1131 1567 singulis,
1157 1501 1240 1566 quae

260 1622 297 1664 eo
315 1600 562 1679 continebantur,
580 1597 761 1673 civitatibus,
780 1596 923 1661 antelios
944 1596 1069 1681 triginta
1089 1605 1144 1658 aut
1160 1615 1239 1679 qua-

261 1713 402 1798 draginta
420 1734 516 1775 annos
540 1711 734 1794 gravissimae
757 1709 922 1795 obtigerint
945 1709 1148 1783 mutationes,
1175 1727 1241 1791 quo

263 1822 379 1888 scilieet
394 1823 581 1886 manifestius
600 1834 753 1907 appareat,
770 1823 895 1908 qualem
914 1823 948 1886 in
964 1823 1116 1885 internam
1135 1841 1240 1883 rerum

261 1933 454 2020 publicarum
485 1934 707 2016 conditionem,
727 1935 878 2020 imprimis
908 1957 978 1998 vero
1005 1933 1088 1999 cirea
1115 1932 1240 2015 prosin-

262 2045 398 2122 cialinm,
418 2043 458 2108 de
478 2066 541 2130 quo
561 2047 691 2133 agimus,
704 2046 857 2111 Ordinum
875 2046 1059 2119 institutum,
1070 2043 1240 2108 efficaciam

261 2157 334 2221 illae
349 2157 569 2223 vicissitudines
588 2160 788 2224 exercuerint.
817 2160 939 2222 Etenim
952 2179 989 2222 eo
1008 2156 1128 2222 eunetis
1143 2177 1242 2240 prope

264 2268 436 2334 civitatibus
455 2269 601 2345 redactis,
625 2281 670 2346 ut,
691 2271 764 2335 licet
787 2271 874 2334 variis
899 2269 1066 2334 admodum
1081 2268 1153 2331 fidei
1174 2267 1241 2331 offi-

263 2379 364 2463 ciique
392 2380 475 2442 velut
489 2382 625 2466 legibus,
646 2383 687 2446 ab
702 2383 826 2446 arbitrio
849 2393 957 2469 tamen·
970 2383 1105 2444 maxime
1123 2379 1245 2464 pende-

264 2499 332 2552 rent
350 2510 573 2566 nsooeeonms,
591 2493 616 2554 si
633 2504 827 2577 quaeautem
844 2503 1047 2578 superessent,
1056 2492 1163 2577 paullo
1177 2514 1245 2555 me·

263 2598 345 2663 lioris
364 2599 546 2665 corrditionis
568 2605 737 2669 etiamnum
756 2605 932 2690 participes,
957 2605 1005 2668 his
1027 2607 1067 2669 ita
1094 2605 1244 2669 truncatis

255 2763 457 2775 ...ὼ-...-

297 2867 392 2916 ¹Grata
416 2868 476 2917 liaeo
500 2871 577 2918 omnia
601 2872 697 2919 luerunt
714 2883 809 2920 senatur
826 2875 937 2922 consulto
955 2875 1093 2936 Pariairnai,
1117 2875 1140 2922 d.
1161 2874 1194 2922 13
1212 2893 1243 2922 rn.

264 2961 319 3007 Dee.
332 2963 389 3008 anni
407 2961 480 3011 1810.
496 2965 575 3011 Parem
592 2974 640 3011 tum
652 2975 737 3012 sortem
755 2975 864 3027 expertae
879 2975 935 3014 runt
951 2969 1112 3029 possessiones
1131 2970 1244 3016 comitum

264 3053 545 3103 Looa-Corawaremensir
569 3067 640 3118 atque
665 3057 789 3119 Croyenaia
811 3074 889 3120 nequo
912 3076 961 3106 non
985 3059 1109 3122 toparchia
1138 3061 1245 3108 [lohusen

265 3142 379 3203 dynastas
401 3147 634 3210 Bommelbrrgensis,
657 3166 718 3211 quae
739 3150 830 3197 seilicet
851 3152 954 3212 junctim
978 3168 1031 3199 cum
1048 3153 1164 3215 reliquia,
1185 3170 1246 3214 quaa

263 3232 375 3296 diximus,
398 3238 534 3298 regionibus
551 3256 578 3286 ae
595 3241 741 3288 llanseatioia
764 3242 863 3289 urbibus
881 3243 994 3292 Francieo
1011 3261 1068 3306 agro
1086 3245 1121 3293 sie
1138 3245 1246 3308 adjectae

265 3325 361 3372 suerunt
383 3336 410 3375 ut
434 3346 519 3377 nomen
543 3330 629 3378 dehine
652 3334 805 3381 assumserint
823 3335 994 3400 ddportement
1019 3339 1050 3385 do
1068 3341 1095 3386 lo
1115 3339 1196 3404 Lippa
1222 3347 1247 3385 et

265 3414 436 3477 deportaremus
463 3423 658 3488 Ilnnsdntiqtaes.
683 3427 708 3474 1.
735 3439 850 3488 aurant,
877 3445 916 3490 op.
933 3428 953 3476 l.
970 3429 998 3477 Τ.
1015 3430 1043 3490 V,
1061 3449 1084 3493 p.
1104 3428 1166 3490 326,
1185 3430 1246 3491 330,

264 3502 325 3563 310,
343 3504 402 3567 346,
420 3508 482 3567 35ος
501 3526 564 3560 roca
581 3523 604 3562 et
622 3529 739 3578 sonorae,
763 3520 828 3567 fliat.
842 3519 884 3566 des
900 3521 1001 3583 Τιιίιέι,
1020 3522 1047 3569 t.
1065 3523 1131 3584 tttt,
1144 3541 1167 3585 p.
1179 3522 1245 3579 325;

266 3593 349 3641 lllrrin.
368 3598 444 3660 Bund,
462 3603 548 3663 111111,
566 3625 589 3668 p.
608 3607 668 3670 151,
687 3611 727 3671 Ll,
745 3629 767 3673 p.
787 3611 848 3671 455,
867 3615 919 3671 ltt,
938 3632 961 3676 p.
981 3613 1042 3676 147,
1063 3617 1129 3676 Llll,
1150 3635 1176 3678 p.
1186 3616 1248 3679 309,

267 3683 349 3780 ldlll,
376 3704 399 3746 p.
418 3689 475 3747 1173
494 3707 648 3760 aaronem,
674 3718 711 3762 op.
737 3701 756 3749 l.
783 3721 804 3764 p.
825 3703 882 3751 106.
917 3706 962 3753 Tot
980 3716 1058 3753 autem
1076 3708 1128 3755 illia
1145 3726 1249 3757 eonver-

268 3772 373 3874 aionibus
381 3780 506 3836 perlectum
515 3803 580 3834 nune
591 3791 646 3852 fuit,
654 3793 726 3852 quod,
733 3795 780 3855 jam
790 3812 852 3843 anno
865 3796 942 3858 1770,
952 3800 1054 3847 Francos
1064 3801 1128 3849 riroa
1136 3802 1248 3863 politieoa

270 3878 398 3923 auaeapraae
414 3874 520 3922 norimus
537 3882 670 3943 consilinm,
680 3902 802 3946 parvarum
821 3889 942 3937 civitatum
961 3894 1129 3956 multitudine,
1149 3897 1173 3943 in
1191 3897 1249 3943 Ger-

269 3969 345 4050 mania
363 3963 492 4023 praecipue,
510 3968 643 4019 francicum
660 3992 739 4036 agrum
757 3980 930 4047 circumdandi,
951 3986 1030 4047 stirpis
1048 4003 1105 4034 raro
1124 3988 1249 4036 llahabur·

272 4058 334 4101 grear
349 4046 498 4101 rrhomenter
516 4058 658 4119 deprimendi
676 4079 821 4128 potestatem.
