2738 4740
642 446 704 512 281

236 654 252 693 e
274 631 446 716 principatu
462 630 686 695 Osnabrucensi
696 672 1027 693 ...........
1054 628 1089 702 3;

236 744 387 810 educatu
419 739 833 831 Arembergensi·lleppensi
861 750 891 802 et
923 740 1042 803 eomit·.

278 856 375 921 turer.
397 856 538 942 Lingensi
541 898 1030 921 ................
1053 853 1089 929 2,

236 991 254 1032 c
275 968 445 1053 principatu
463 965 702 1032 Hildeshemensi
724 1010 1028 1032 ..........
1053 965 1090 1040 8;

237 1102 255 1143 c
277 1079 448 1165 principatu
466 1081 576 1145 Frisiae
592 1079 756 1146 Orientalis
792 1122 1032 1144 ........
1055 1081 1091 1154 5;

237 1215 255 1256 e
276 1193 422 1258 comitatu
436 1193 651 1259 Benthemensi
693 1237 1033 1259 ...........
1059 1191 1074 1252 l
1089 1189 1112 1254 ¹.

193 1304 374 1390 Requiritur
392 1318 513 1384 autem,
536 1318 570 1370 ut
594 1300 700 1370 tuma
724 1303 876 1370 nobilibus
903 1315 968 1367 tum
991 1325 1009 1367 a
1032 1301 1161 1388 reliquis

194 1439 339 1505 agrorum
359 1419 577 1503 possessoribus
588 1417 736 1505 designati
748 1417 841 1503 legati
860 1416 916 1501 ipsi
932 1436 1077 1502 agrorum
1090 1434 1160 1500 pos·

195 1531 324 1596 sessione
336 1554 461 1596 suorum
474 1556 508 1598 ea
522 1535 554 1597 in
568 1533 723 1619 provincii
739 1533 880 1596 lruantur
893 1531 982 1614 cujua
993 1529 1116 1594 nomine
1127 1529 1160 1593 iu

196 1654 380 1708 conventum
397 1645 515 1709 venturi
531 1645 601 1720 sint,
619 1643 744 1710 caeteris
762 1644 877 1708 civium
896 1641 1052 1708 ordinibus
1068 1642 1160 1706 liber·

197 1765 257 1819 tate
285 1777 425 1821 concessa
453 1757 515 1821 sire
541 1779 609 1821 suos
636 1754 857 1821 homines‘sire
881 1767 1049 1832 extraneos,
1071 1762 1162 1839 prout

196 1869 293 1932 risum
306 1870 412 1946 luerit,
427 1870 585 1957 legationis
597 1892 724 1935 munere
735 1868 901 1935 exornandi
912 1868 935 1934 ².
956 1869 1001 1934 lle
1011 1868 1164 1954 equitatus

197 1981 388 2047 mandatariis
398 1993 552 2067 praeterea
569 1982 738 2047 notandum
753 1993 809 2058 eat,
824 1982 892 2067 lege
905 1981 1027 2065 publiea
1036 1999 1161 2045 censum

197 2092 229 2156 in
254 2091 313 2156 illis
348 2095 493 2178 postulari
516 2092 588 2158 thal.
613 2094 680 2170 DC,
713 2091 807 2157 annui
835 2091 947 2155 reditus
974 2093 1114 2168 nomine,
1145 2111 1164 2154 o

198 2205 326 2289 praediis
347 2207 379 2270 in
404 2207 524 2272 civitate
550 2208 629 2282 sitis,
653 2205 794 2271 omnibus
817 2205 958 2271 detractis
985 2205 1165 2289 cujuscum-

198 2337 260 2401 que
275 2317 394 2404 generis
403 2318 553 2382 sumtibus
568 2317 791 2405 oneribusque,
812 2316 958 2403 percepti.
1003 2317 1040 2381 ln
1059 2315 1165 2404 legatis

199 2450 270 2492 roro
283 2441 473 2495 caeterorum
490 2452 592 2495 rerum
608 2432 663 2495 soli
675 2452 876 2516 possessorum
895 2428 1032 2515 ejusdem
1048 2427 1166 2517 generis

199 2554 363 2625 proventus
375 2564 496 2609 annuus
514 2542 602 2611 rthal.
623 2545 690 2611 000
705 2544 886 2631 requiritur,
901 2554 953 2608 aut
971 2543 1166 2608 successionis

201 2653 290 2718 titulo
306 2657 549 2743 acquisitus,aut
570 2669 654 2726 certe
668 2659 787 2744 integro
809 2657 900 2721 unius
919 2655 991 2721 anni
1008 2654 1167 2720 intervallo

200 2777 271 2831 ante
299 2768 408 2833 iactam
439 2771 620 2836 electionem
648 2780 849 2856 comparatus.
891 2766 1015 2852 Reliqui
1034 2766 1167 2852 denique

201 2879 380 2946 mandatarii
409 2882 470 2946 sire
500 2884 636 2967 ejusdem
661 2879 874 2947 aestimationis
900 2878 999 2942 reditu
1027 2897 1167 2941 annuoe

202 2991 346 3073 praedioli
367 2993 549 3078 possessione
569 3007 623 3060 aut
643 2995 754 3060 rustica
780 3004 832 3059 aut
866 2991 1001 3071 urbana,
1033 2989 1094 3053 sire
1114 2989 1167 3052 sti·

203 3101 315 3184 pendio
336 3116 458 3189 propter
475 3127 588 3170 munus
604 3107 648 3171 rei
664 3106 804 3192 publicae
822 3103 917 3192 pratil
938 3111 1056 3187 gestum
1077 3097 1166 3163 rthal.

203 3215 305 3292 mm,
321 3228 444 3302 propter
454 3220 640 3306 municipale
655 3221 865 3307 magistratum
879 3216 938 3291 CI),
956 3215 1017 3278 sire
1036 3212 1170 3298 denique

205 3350 222 3393 e
248 3328 405 3414 discipliul
436 3332 567 3419 quisque
597 3355 650 3398 sua
675 3344 729 3398 aut
754 3342 819 3397 arte
845 3341 899 3397 aut
920 3325 1041 3414 opificio
1071 3322 1169 3389 reditu

204 3462 308 3506 annuo
322 3444 406 3508 mille
422 3443 510 3510 rtlral.
528 3446 660 3511 triennio
677 3446 715 3512 ad
731 3445 976 3510 minimumante
986 3448 1170 3523 occupatum

205 3554 238 3617 in
259 3555 406 3621 concione
427 3558 530 3624 locum
554 3558 714 3645 acquisito,
729 3560 871 3623 fruantur
889 3549 1038 3639 oportet³.

249 3666 424 3747 Caeterum,
444 3669 476 3732 in
496 3671 658 3757 utriusque
678 3682 782 3736 coetus
807 3669 893 3734 sociis
913 3660 1090 3750 requiritur,
1107 3668 1171 3722 tum

207 3791 241 3843 ut
261 3778 462 3848 Christianam
480 3783 615 3870 aliquam
633 3804 788 3849 sacrorum
805 3779 968 3845 formulam
981 3774 1021 3839 de
1041 3771 1077 3835 iis
1094 3790 1173 3856 quae

207 3893 331 3976 publica
349 3894 528 3960 auctoritate
547 3905 686 3981 receptae
703 3906 792 3972 sunt,
815 3891 1030 3980 profiteantur,
1050 3896 1116 3948 tum
1141 3892 1173 3945 ut

202 4062 318 4073 ..,-,,

245 4145 252 4176 ¹
272 4145 331 4194 nu.
349 4145 363 4212 p
379 4142 421 4194 oo.
557 4145 567 4178 ²
586 4144 646 4194 rste.
664 4145 678 4211 p
694 4142 737 4193 oo.
896 4141 901 4172 ¹
922 4137 983 4188 nn.
999 4134 1013 4201 r
1031 4128 1089 4183 roo.
