2738 4740
653 413 716 476 eos
746 378 749 383 ’

206 616 307 659 rerum
323 595 460 660 notitiam
478 605 571 681 atque
586 593 733 672 studium,
749 614 829 681 quae
844 596 882 659 iis
897 596 1021 661 attribui
1040 618 1168 663 consen-

204 718 329 773 taneum
347 718 402 784 est,
423 706 507 771 nulla
526 706 628 771 habita
644 718 697 771 aut
714 706 839 771 dominii
855 718 908 771 aut
923 730 1029 774 census
1042 712 1168 786 ratione,

203 822 330 887 facultas
356 819 534 886 conceditur
565 831 631 883 tum
655 819 792 906 suffragii
820 831 951 908 utraque
970 825 1002 888 in
1021 824 1169 889 electione

202 933 330 1011 ferendi,
352 944 417 997 tum
436 933 529 1017 ipsius
550 952 676 1017 quoque
693 933 853 1022 legationis
870 934 1078 1018 suscipiendae
1095 937 1118 1002 ¹.

246 1047 334 1111 Diem
355 1042 496 1110 electioni
512 1043 722 1128 praestitutum
750 1047 852 1132 regius
872 1046 1094 1111 commissarius
1116 1050 1169 1111 io-

202 1159 305 1224 dicere
318 1179 354 1223 ac
371 1157 483 1242 scripto
500 1158 645 1223 electores
661 1178 828 1223 convocare
845 1169 966 1224 tenetur
981 1160 1005 1223 2.“
1035 1159 1120 1225 ldem
1137 1161 1169 1225 in

202 1269 388 1334 districtibus
401 1270 505 1354 plures
525 1270 616 1334 urbes
632 1269 859 1335 continentibus
874 1292 940 1336 eam
960 1272 1070 1336 urbem
1088 1272 1167 1337 indi·

203 1404 272 1446 care
292 1382 394 1458 debet,
415 1382 448 1445 in
467 1403 528 1468 qua
544 1383 700 1448 electionis
720 1382 854 1449 officium
884 1384 1060 1450 obeundum
1088 1385 1126 1449 sit
1144 1384 1168 1451 ³.

201 1494 281 1560 lluio
307 1504 410 1558 autem
440 1497 563 1581 negotio
592 1495 777 1561 moderando
814 1496 1034 1563 commissarius
1066 1499 1168 1585 regius

201 1607 339 1695 quinque
367 1608 492 1673 selectos
520 1609 602 1674 circa
631 1630 678 1673 res
699 1609 834 1675 urbanus
857 1609 1011 1675 adsociare
1027 1611 1167 1696 jubetur,

201 1742 333 1809 quorum
363 1733 413 1787 est
432 1724 477 1786 illi
500 1724 684 1790 solemnitati
708 1722 746 1788 ad
775 1723 868 1787 finem
903 1745 1002 1810 usquc
1025 1725 1168 1789 interesse

200 1836 382 1923 scriptisque
396 1835 434 1900 de
449 1859 485 1900 co
507 1837 662 1922 conceptis
679 1836 803 1901 nomina
819 1858 874 1901 sua
885 1837 1050 1926 eubignarc
1060 1839 1084 1905 ⁴.

241 1932 361 2017 Decidit
380 1952 413 2016 in
436 1951 586 2016 electione
602 1950 814 2036 suffragiorum
828 1973 975 2015 numerus
991 1952 1084 2018 alicui
1098 1974 1168 2017 ma·

194 2065 245 2149 jor
271 2086 366 2151 quam
403 2064 529 2127 cacteris
564 2063 705 2125 omnibus
732 2063 915 2149 obtingens,
947 2064 1034 2128 salvis
1064 2075 1167 2129 tamen

199 2177 363 2263 praeceptis
381 2179 451 2262 §38
470 2176 621 2240 contentis
628 2175 651 2240 ⁵.
674 2174 814 2240 Secunda
831 2175 965 2262 suffragii
984 2177 1097 2241 latione
1111 2175 1165 2241 de-

198 2293 337 2378 signatur
352 2288 490 2353 sicarius.
524 2289 601 2352 ltem
621 2287 752 2353 llresdae
769 2289 950 2376 Lipsiaeque
970 2289 1036 2354 bini
1054 2291 1166 2356 consti-

198 2402 305 2468 tuendi
324 2403 414 2489 legati
433 2400 512 2466 binis
535 2401 734 2466 electionibus
752 2403 949 2468 nominantur
966 2404 988 2469 ⁶.

241 2515 337 2580 Finita
354 2513 512 2594 electione,
534 2512 666 2592 chartae,
684 2514 797 2600 quibus
813 2516 871 2579 rite
884 2515 1094 2603 subsignatum
1110 2527 1165 2590 est,

198 2627 419 2715 magistratibus
443 2628 649 2713 subjiciuntur
670 2639 700 2693 ct
721 2628 759 2694 ab
781 2628 817 2691 iis
843 2629 1054 2693 examinantur
1078 2649 1166 2693 com-

198 2742 426 2828 probanturque
444 2739 468 2807 ⁷.

240 2855 350 2919 Munus
366 2855 534 2918 electorum
552 2855 753 2941 exstinguitur
770 2853 897 2918 simulac
919 2852 987 2917 linis
1010 2853 1107 2915 lactus
1122 2863 1165 2915 cst

198 2965 406 3042 electionibus,
418 2975 513 3051 utque
534 2976 605 3031 ante
625 2965 757 3052 eligendi
779 2964 936 3052 negotium
954 2963 1165 3050 peragendum

197 3076 236 3141 de
256 3100 292 3141 ec
311 3076 420 3161 pacisci
436 3077 562 3143 minime
578 3088 753 3163 potuerunt,
772 3079 816 3143 sic
835 3099 950 3164 neque,
967 3076 1106 3141 absoluto
1117 3097 1164 3152 eo,
1225 3133 1230 3151 ,

197 3189 412 3254 instaurandae
423 3190 577 3255 concionis
592 3201 724 3256 utuntur
734 3192 879 3257 facultate
896 3192 920 3257 Β.
943 3188 1075 3272 Quaeris
1090 3210 1166 3254 nora

197 3301 306 3367 electio
322 3303 571 3367 universe-nosos
590 3303 722 3388 postulat
735 3304 890 3368 electores.
913 3303 945 3366 Si
960 3312 1075 3377 tamen,
1087 3301 1166 3367 intra

197 3413 328 3497 spatium
349 3425 501 3499 aperacta
526 3414 598 3481 inde
617 3416 766 3483 electione
790 3414 829 3480 ad
849 3414 987 3500 proxime
1013 3414 1167 3497 sequentis

197 3524 338 3590 ordinum
347 3527 503 3592 concionis
511 3528 625 3594 exitum
638 3529 808 3615 pentinens,
818 3528 888 3592 nesi
898 3527 991 3612 legati
1000 3526 1166 3591 necessarie

196 3639 341 3703 exstiterit
362 3638 547 3727 designatio,
573 3641 652 3707 banc
677 3642 715 3707 ab
742 3641 851 3706 iisdem
875 3638 981 3724 perlici
1017 3639 1167 3723 oportebit

195 3752 378 3817 electoribus
387 3752 412 3820 ⁰.

231 3913 237 3943 ¹
256 3914 317 3965 thiu.
335 3913 348 3980 ᾗ
367 3913 408 3964 60.
555 3913 565 3946 ¹
583 3916 642 3964 lbitl.
661 3917 675 3984 d
693 3917 735 3967 6⁴.
901 3911 990 3963 'thiu
1010 3911 1082 3979 565.

229 4004 316 4055 *nia
335 4004 406 4072 see.
554 4003 733 4077 ⁸nusso.
900 4003 990 4054 ‘uss
1008 4008 1020 4071 r
1038 4004 1081 4054 n.

228 4096 408 4168 musra.
556 4096 1165 4172 ⁸1sss.esa,·1.1.’terrerent
