2738 4740
651 444 710 506 187

194 650 250 692 auo
270 624 388 714 quique
407 624 518 713 oppido
537 625 668 690 maxima
682 623 830 709 pensione
847 638 1036 705 censeantur,
1056 626 1089 693 id
1104 639 1159 705 est,

195 741 278 830 quod
295 742 425 829 primam
446 740 572 804 urbium
584 738 711 803 classem
727 736 845 814 attinet,
857 739 973 817 tertiae,
991 740 1074 826 quod
1089 763 1160 807 aero

194 837 370 932 secundam,
390 850 544 927 dimidiae,
563 849 647 938 quod
663 849 797 936 denique
824 849 972 929 intimam,
995 852 1074 918 binis
1097 865 1160 921 ter·

195 968 243 1032 tiis
252 968 310 1033 isto
319 964 444 1031 nomine
458 962 676 1028 excellentibus
688 961 800 1027 cisium
812 961 948 1048 partibus
958 961 1161 1032 adnumeren-

194 1093 255 1148 tur.
277 1082 315 1146 In
333 1100 427 1167 quam
439 1087 542 1141 umen
559 1075 817 1162 computationem
828 1075 891 1140 sola
903 1074 1006 1140 venire
1012 1076 1163 1160 jubentur

195 1195 284 1262 bonis
295 1192 506 1259 immobilibus
520 1190 720 1277 opificiisque,
730 1191 810 1256 intra
824 1189 900 1255 lines
916 1189 1049 1254 urbanos
1064 1173 1162 1280 impo-

195 1307 252 1371 sita
268 1303 426 1390 aectigalia
440 1304 560 1385 (Hauc,
573 1303 745 1380 Generbe,
757 1300 820 1366 und
830 1301 1129 1392 Rusticol-Stcuean)
1139 1305 1163 1373 ¹.

196 1419 349 1484 Arcentur
366 1437 458 1501 porro
469 1414 645 1503 adignitatc
659 1415 867 1501 procuratorio
878 1415 1032 1495 mulieres,
1048 1418 1163 1483 minor-

198 1552 292 1597 enncs
316 1540 408 1617 atquc
432 1527 466 1607 ii,
488 1527 601 1616 quibus
618 1528 771 1593 bonorum
789 1527 1049 1595 administratione
1068 1529 1162 1596 inter·

197 1643 315 1710 dictum
344 1652 400 1721 est,
422 1652 507 1720 turn,
527 1651 680 1729 quotquot
707 1630 842 1707 criminis
869 1639 1011 1709 delictire
1035 1642 1164 1729 alicujus

198 1757 244 1822 rei
264 1757 348 1835 lacti,
367 1753 537 1842 quaestioni
557 1775 659 1820 coram
678 1752 786 1839 judice
808 1753 1013 1822 instituendae
1034 1757 1165 1842 subjecti

197 1872 323 1935 luerunt
344 1880 398 1934 aut
420 1891 483 1935 non
506 1891 628 1955 prorsus
653 1869 785 1934 absoluti
813 1867 922 1934 exinde
951 1868 1164 1949 discesserunt,

196 1984 331 2070 denique
355 1982 413 2059 illi,
435 2003 568 2069 quorum
595 1980 739 2048 solvendo
768 2003 832 2047 esse
860 1980 1065 2047 desinentium
1084 1983 1164 2049 bonu

197 2093 399 2161 creditoribus
422 2092 625 2180 adjudicanda
645 2103 716 2157 sunt
735 2092 760 2158 ².

240 2210 299 2272 Per
317 2207 504 2271 novennium
523 2215 626 2269 antem
644 2203 743 2268 officio
759 2224 814 2267 sno
831 2203 1004 2290 funguntur
1020 2226 1164 2291 procura-

197 2331 278 2384 tores
297 2338 469 2404 eorumque
484 2315 622 2402 singulae
637 2314 744 2380 tertiae
754 2325 863 2400 partes,
875 2314 1003 2401 singulis
1018 2316 1164 2395 bienniis,

199 2432 257 2496 nisi
295 2431 498 2496 instauratum
530 2438 584 2493 aut
611 2427 754 2494 omnibus
782 2437 836 2493 ant
867 2427 1050 2515 quibusdam
1072 2430 1166 2496 fucrit

198 2542 388 2620 mandatum,
407 2540 447 2607 ad
467 2541 654 2627 privatorum
674 2538 784 2604 reverti
801 2538 895 2605 sitam
914 2541 1013 2607 solent
1026 2541 1050 2610 ³.

240 2655 469 2754 Competentem
491 2651 738 2739 procuratoribus
757 2654 990 2733 anctoritatem,
1020 2655 1109 2741 cujus
1131 2656 1165 2721 in

197 2769 351 2835 creatione
383 2791 420 2835 ac
453 2766 673 2854 temperatione
710 2766 942 2853 magistratuum
961 2768 1166 2855 'praecipuam

196 2883 308 2949 versari
327 2881 492 2949 efficaciam
521 2902 611 2966 supra
632 2880 699 2964 jam
726 2878 1004 2958 animadvertimus,
1033 2881 1102 2969 lege
1124 2884 1166 2948 ita

198 2994 380 3081 descriptum
398 2993 577 3081 reperimus,
592 3003 628 3057 nt
642 2992 836 3080 negotiorum
851 2992 884 3058 in
900 2992 1167 3060 communionibus

199 3105 410 3176 obeundorum
431 3107 552 3172 nullum
571 3107 678 3184 terme,
690 3104 775 3192 quod
788 3104 914 3193 quidem
930 3105 1035 3192 paullo
1045 3106 1165 3194 gratius
1189 3086 1191 3090 ,

200 3243 335 3309 cumque
346 3219 458 3287 cisium
474 3221 571 3285 salute
584 3242 621 3301 sc
635 3220 833 3307 prosperitate
851 3219 1049 3305 conjunctius
1063 3221 1166 3287 existi·

200 3334 346 3400 mendum
371 3333 419 3411 sit,
438 3332 495 3398 nisi
516 3333 643 3399 adsensu
662 3333 785 3398 illorum
806 3344 921 3421 rogato,
945 3334 1124 3421 pertractari
1148 3357 1167 3401 a

199 3445 425 3533 magistratibus
446 3444 668 3526 concedaturl;
691 3445 799 3511 iisdem
818 3467 890 3511 aero
905 3446 1009 3528 etiam,
1033 3446 1166 3534 quoties·

201 3581 336 3647 cumque
345 3570 398 3624 ant
408 3559 516 3647 agitari
533 3558 607 3646 quid
617 3557 872 3645 deprehenderint
884 3558 1043 3645 ejusmodi,
1054 3579 1117 3646 quo
1135 3560 1165 3625 in

199 3671 362 3738 discrimen
377 3672 575 3758 ,municipum
596 3671 722 3736 felicitas
742 3670 931 3747 adducatur,
957 3682 1010 3736 aut
1035 3670 1166 3737 salubria

199 3784 387 3872 proponendi
398 3806 490 3871 super
505 3785 595 3850 rebus
608 3785 731 3850 urbanis
743 3783 869 3849 consilia
880 3782 1000 3870 arripia
1014 3806 1046 3850 ae
1055 3783 1167 3852 debcrc

200 3961 401 3975 ’.ιη-

215 4045 243 4082 ,1
262 4045 321 4095 tarr.
338 4045 355 4093 1.
375 4061 395 4091 ο.
412 4045 425 4108 o
443 4041 484 4093 as.
717 4041 805 4090 uua
823 4040 841 4089 ι,
860 4056 881 4088 a.
900 4038 914 4105 o
932 4037 972 4090 rs.

235 4137 245 4169 ³
262 4138 321 4186 ura
340 4138 357 4185 ι.
376 4153 397 4186 0.
409 4137 422 4202 o
434 4135 516 4199 reu.
529 4133 605 4183 2-4.
717 4131 803 4185 ture
822 4134 840 4183 ι.
858 4151 878 4183 0.
897 4132 910 4202 p
928 4130 968 4182 sa.
