2738 4740
782 409 840 471 112

316 612 403 656 mum
442 591 559 656 selectis
584 590 809 677 magistratibus
838 589 1077 676 prudentissimis
1105 595 1285 678 provincia-

317 724 450 790 rumque
477 703 585 770 iucoiis
613 703 791 769 Berolinum
819 703 1021 770 convocandis
1045 727 1156 771 munus
1183 707 1286 794 impo-

316 828 407 882 natur
432 817 541 903 triplex
566 815 719 882 Ordinum
740 816 973 903 provincialium
995 816 1284 899 describendorum,

314 928 594 1015 repraesentationis
608 929 750 1015 publicae
762 928 958 1007 ordinandae,
973 929 1049 1016 legis
1057 932 1201 1016 publicae
1211 955 1284 1019 prc-

313 1043 418 1127 positis
448 1052 673 1127 superstructae
708 1041 828 1128 placitis
863 1041 1079 1106 elaborandae:
1117 1041 1150 1107 bi
1180 1054 1284 1109 autem

312 1154 417 1220 selecti
437 1160 481 1222 1⁰.
498 1154 608 1220 diem.
627 1155 814 1240 Septembris
834 1155 1071 1242 congrediantur
1088 1155 1114 1221 ¹.

356 1267 393 1332 In
407 1266 469 1332 fine
479 1266 594 1333 decreti
601 1266 693 1352 jubet
708 1289 770 1344 rex,
785 1268 972 1333 exsecutioni
986 1265 1192 1339 mundandum
1204 1268 1283 1333 iilud

310 1380 498 1447 cancellario
507 1382 609 1446 Status
620 1381 815 1447 commissum
826 1380 874 1459 iri,
886 1380 975 1465 cujus
992 1392 1022 1445 et
1035 1379 1187 1457 futurum,
1202 1402 1284 1468 quac

310 1515 330 1559 a
349 1493 468 1559 selectis
494 1493 565 1557 viris
585 1492 736 1578 proposita
751 1492 885 1570 fuerint,
917 1492 982 1579 regi
997 1490 1190 1577 adprobanda
1209 1492 1281 1556 sub-

305 1602 421 1688 jicere,
457 1601 557 1668 eidem
589 1624 714 1690 quoque
747 1604 930 1668 selectorum
963 1603 1202 1668 nominationem
1232 1603 1281 1668 in·

310 1714 457 1780 cumbere
482 1712 731 1800 praesidiumque
757 1713 790 1778 in
816 1714 952 1800 ipsorum
979 1714 1167 1781 consessibus
1188 1737 1282 1781 occu·

309 1825 447 1915 pandum
469 1826 495 1892 ².
593 1831 600 1841 ’

352 1940 463 2007 Selecti
487 1939 533 2004 illi
554 1937 652 2007 bococ
669 1938 792 2007 decreto
814 1939 955 2017 indicati,
981 1937 1118 2026 praeside
1140 1938 1281 2026 principe

307 2051 526 2136 haereditario,
551 2052 728 2117 Berolinum
748 2053 899 2139 congressi
921 2063 1007 2133 sunt3
1033 2051 1207 2117 exitiorum
1223 2052 1280 2117 de·

307 2166 538 2234 liberationibus
555 2164 662 2248 fluxit,
689 2163 739 2229 die
764 2170 783 2230 5
805 2163 890 2228 Juuii
910 2163 984 2228 anni
1011 2167 1114 2245 1823,
1133 2163 1181 2226 lex
1208 2162 1278 2227 uni·

306 2281 428 2347 versabo
458 2280 498 2346 de
519 2279 758 2345 Provincialibus
778 2277 946 2344 Ordinibus
973 2275 1200 2343 constituendis.
1237 2276 1277 2344 V.

305 2395 426 2458 Preuss.
441 2391 669 2458 Gesetasamml.
691 2393 788 2473 1823,
806 2391 858 2454 ΝΟ.
882 2394 933 2456 13.
965 2389 1095 2454 Cautum
1105 2410 1176 2453 vero
1192 2399 1227 2453 ut
1243 2387 1275 2453 in

304 2505 417 2571 borum
439 2503 656 2591 compositione
676 2514 708 2569 et
725 2502 912 2569 institutione
933 2514 1071 2568 veterum
1091 2503 1197 2589 legum
1216 2523 1276 2587 pu-

303 2621 455 2688 blicarum
478 2618 730 2683 Germanicarum
750 2618 861 2702 placita
882 2616 1024 2703 primaria
1043 2627 1234 2681 servarentur
1249 2614 1275 2693 ³,

303 2733 343 2801 ad
364 2733 410 2797 rei
435 2730 578 2818 publicae
608 2728 805 2815 proprietates
828 2728 1099 2815 necessitatemque
1130 2728 1276 2813 temporis

303 2845 543 2917 accommodata.
572 2843 632 2910 Sed
652 2842 692 2909 de
708 2844 763 2910 illa
780 2842 867 2929 lege,
885 2864 959 2931 age,
979 2842 1145 2908 videamus.

752 3073 825 3158 §a

367 3210 420 3280 De
434 3212 506 3300 lege
520 3206 705 3275 moerenti
718 3210 811 3273 eirca
821 3204 1085 3272 Prouincialium
1102 3202 1206 3274 Ordi-

442 3345 518 3389 nom
535 3323 812 3398 concretionem,
832 3317 865 3386 d.
883 3323 915 3386 5.
929 3315 1011 3387 lon.
1033 3323 1129 3386 1823.

343 3529 380 3593 In
395 3523 552 3615 prooemio
567 3522 682 3588 iterum
697 3520 832 3587 declarat
852 3506 920 3600 rex,
938 3520 1016 3586 velle
1030 3542 1063 3586 se
1076 3520 1196 3587 civibus
1212 3543 1270 3586 no-

300 3662 373 3706 vum
397 3648 643 3725 perpetuumque
669 3632 816 3720 praebere
842 3631 953 3698 amoris
969 3631 1161 3722 fiduciaeque
1180 3633 1271 3698 testi-

301 3752 455 3818 inonium:
478 3759 675 3837 quapropter,
691 3746 730 3814 ad
744 3747 863 3835 antiqui
873 3747 951 3834 juris
967 3748 1083 3836 publici
1091 3748 1270 3817 Germanioi

301 3927 507 3946 Μ

335 4028 678 4097 ¹1t.tesr.qo,6ert.
783 4026 1003 4095 ²1d.deca.§8.

333 4125 455 4176 ’trem
471 4124 603 4175 tutores.
621 4118 698 4186 1⁸23,
716 4121 756 4170 tc.
774 4118 816 4172 9³.
