2738 4740
608 450 650 512 83

246 633 375 699 concilio
392 630 432 696 de
443 629 703 696 administratione
718 631 837 697 interna
852 644 883 697 et
901 634 1033 700 concilio
1047 634 1112 720 juri

244 745 387 811 dicundo.

190 863 222 924 8.
243 857 414 923 Concilium
424 855 569 920 Aulicum
579 853 790 920 immediatum
807 857 888 922 circa
899 872 1113 929 mercaturam.

191 974 223 1036 9.
245 970 336 1035 Curia
352 970 498 1054 Superior
512 967 661 1044 iustitiae,
681 989 775 1052 penes
795 989 889 1055 quam
911 972 1035 1036 ultimus
1049 996 1116 1058 gra·

245 1082 303 1146 dus
329 1093 373 1147 est
393 1080 614 1165 jurisdictionis
640 1079 780 1144 omnibus
810 1079 986 1169 regionibus
1009 1083 1115 1149 haere·
1174 1062 1176 1066 .

246 1195 370 1259 ditariis.

191 1308 362 1373 Concilium
385 1327 457 1370 vero
483 1303 635 1392 regendae
660 1305 800 1370 Austriae
823 1306 963 1371 Inferiori
989 1328 1116 1392 praepo-

149 1420 241 1484 situm
263 1419 391 1505 imperio
410 1417 507 1483 utitur
527 1427 647 1482 tantum
669 1416 701 1482 iu
721 1439 810 1504 agros
830 1429 1026 1505 supraatque
1040 1417 1119 1482 iufra

151 1533 301 1598 Dnionem
321 1532 403 1598 sitos.

606 1712 677 1796 §a

381 1841 433 1907 De
453 1839 682 1907 Archiducotu
704 1840 876 1908 lustriae.

194 1977 417 2044 Archiduoatus
428 1978 570 2044 nustriae
588 1978 662 2045 duas
680 1980 895 2066 complectitur
913 1991 1014 2065 partes
1033 2001 1122 2064 prae-

151 2094 272 2176 cipuas:
289 2091 485 2177 Superiorem
498 2092 652 2158 Austriam
665 2103 760 2180 atque
777 2092 972 2170 lnleriorem,
991 2112 1122 2178 quarum

151 2216 283 2290 utraque
300 2215 484 2269 conventum
497 2227 586 2269 suum
597 2205 780 2290 ordinesque
788 2203 881 2268 habet
891 2203 1036 2289 proprios.

194 2316 298 2382 Diaeta
321 2326 375 2380 aut
399 2316 575 2381 universalis
595 2326 640 2381 est
660 2318 765 2380 autin
786 2317 933 2380 selectum
955 2315 1019 2379 abit
1046 2335 1120 2380 con-

153 2428 274 2506 cilium,
294 2429 334 2493 ab
350 2429 444 2515 ipsius
461 2429 584 2494 Diaetae
608 2428 695 2493 sociis
715 2427 907 2515 designatum
928 2449 1054 2515 quoque
1074 2449 1121 2492 se-

152 2553 241 2604 natus
261 2541 452 2626 provincialis
474 2552 641 2626 perpetuus
665 2539 811 2606 efficitur.
857 2541 1047 2606 Convocatur
1067 2562 1123 2604 au·

153 2665 214 2718 tem
229 2654 333 2719 Diaeta
352 2654 392 2718 ab
408 2653 583 2719 Archiducc
599 2653 699 2740 deque
717 2654 849 2731 directis,
865 2676 945 2741 quae
965 2666 1122 2730 vocantur,

154 2766 431 2831 contributionibus
469 2766 610 2853 suffragia
650 2767 767 2831 ferendi
806 2765 899 2831 habet
933 2777 1123 2851 potestatem.

153 2880 379 2966 Quodcumque
408 2880 606 2945 deliberando
634 2881 737 2946 Diaeta
765 2879 938 2956 constituit,
970 2881 1023 2943 ubi
1052 2901 1122 2963 pro·

156 2993 326 3078 mulgetum
348 3005 410 3072 est,
432 2996 507 3081 legis
530 2994 622 3059 habet
645 2994 716 3058 rim.

198 3105 369 3169 Conventus
392 3106 506 3190 publici
529 3105 691 3191 participes
722 3117 793 3169 sunt
820 3103 914 3190 legati
942 3126 977 3167 ex
996 3105 1122 3189 singulis

156 3216 239 3282 hisce
264 3217 435 3294 ordinibus,
463 3241 590 3303 nempe:
612 3218 797 3294 Pontificiis‚
825 3216 960 3280 Dominis
980 3215 1122 3303 (Horren)

155 3329 316 3417 Equitibus
335 3326 466 3418 (Rider),
487 3331 620 3397 Urbibus
645 3330 910 3397 Archiducalibus.
944 3329 1125 3396 Viennensis

156 3443 241 3507 urbis
256 3441 400 3529 suffragia
419 3444 609 3533 reliquarum
628 3445 750 3509 urbium
768 3443 1004 3527 conjunctarum
1015 3440 1124 3526 aequi·

157 3577 262 3639 parare
287 3554 401 3620 debent
432 3557 576 3624 calculos.
622 3556 753 3622 Ordines
784 3555 897 3619 tributa
916 3555 1123 3629 distribuunt,

156 3665 176 3730 i.
203 3689 230 3732 e.
256 3666 391 3753 singulas
419 3666 570 3732 deliniunt
598 3690 750 3747 summas,
781 3667 909 3752 singulis
933 3665 1059 3729 urbibus
1086 3687 1124 3731 ac

157 3775 319 3863 toparchiis
349 3778 527 3855 solvendas,
565 3778 683 3865 quoties
715 3777 912 3864 vectigalium
946 3776 1124 3862 pensionem

157 3911 294 3953 summus
315 3889 468 3976 imperans
491 3891 651 3978 rogaverit.

202 4003 288 4068 Licet
309 4014 440 4090 utraque
463 4006 595 4089 partium
621 4025 690 4068 suos
709 4003 820 4068 babeat
838 4002 958 4067 ordines
980 4024 1127 4088 suamque

160 4116 312 4202 propriam
339 4115 649 4195 administrationem,
684 4117 766 4201 prona
791 4128 892 4182 tamen
913 4116 977 4180 lere
1000 4117 1078 4181 iuter
1095 4137 1126 4177 se

950 4234 999 4296 fi*
