2738 4740
669 443 728 506 193

215 625 389 713 quingentis
419 625 577 690 continere
599 623 729 688 vidimus
754 622 898 701 familias,
928 634 996 689 utut
1024 634 1178 690 caeterum

215 739 342 804 urbibus
361 738 618 826 aequiparentur,
636 736 661 799 si
677 735 859 822 popularem
874 738 1178 820 repraesentationem

212 848 393 937 spectes,ad
404 850 553 913 ruralium
569 848 823 912 communionum
839 845 977 911 ordinem
987 846 1176 933 pertinent)¹

211 962 327 1048 duplici
346 961 501 1027 electionis
525 959 717 1025 solemnitate
744 960 879 1048 singulos
902 979 959 1043 pro
983 958 1178 1026 districtuum

210 1075 402 1162 singulorum
425 1071 703 1138 urbibuercnturos
719 1070 872 1159 delegatos
890 1072 1060 1138 nominant.
1083 1072 1177 1135 Nam·

210 1207 273 1273 que
293 1184 428 1270 primum
451 1183 482 1247 in
502 1183 610 1269 queris
627 1183 738 1269 oppido
753 1183 775 1248 ii
793 1181 941 1270 seligendi
959 1193 1040 1260 sunt,
1064 1181 1177 1269 quibus

210 1295 288 1361 istud
305 1296 338 1360 in
349 1294 505 1359 communi
521 1295 778 1362 mandatariorum
789 1295 1000 1384 designatione
1014 1296 1094 1361 sices
1107 1315 1176 1359 suas

209 1409 379 1495 imprlendas
397 1408 543 1494 largiatur
560 1408 584 1474 ².
629 1409 714 1492 Quos
742 1408 824 1474 circa
844 1405 1071 1474 constituendos
1091 1407 1173 1472 eleo·

210 1532 298 1599 tores,
320 1518 516 1605 amplioribus
537 1522 728 1607 ampliorem,
749 1520 919 1586 minoribus
939 1513 1057 1608 oppidis
1075 1520 1173 1585 mino·

210 1655 273 1698 rem
300 1655 472 1699 concessam
491 1634 667 1700 facultatem
688 1635 871 1710 invenimus,
894 1632 951 1698 bac
968 1632 1096 1720 quidem
1122 1652 1175 1695 ra·

208 1746 308 1822 tione,
344 1757 377 1810 ut
402 1767 458 1832 pro
487 1746 648 1834 quingenis
677 1747 783 1812 urbem
808 1745 1014 1812 incolentibus
1040 1742 1173 1818 familiis,

207 1858 318 1945 singuli
338 1859 434 1924 creari
457 1859 602 1925 electores
619 1859 798 1943 jubeantur.
842 1858 918 1924 Inde
938 1880 1009 1924 raro
1031 1856 1115 1944 quod
1134 1879 1171 1922 ex

205 1968 263 2034 boo
281 1969 447 2035 electorum
473 1992 601 2058 corpore
627 1972 717 2036 unice
743 1969 863 2035 desumi
883 1969 1036 2035 districtus
1056 1970 1172 2057 legatos

205 2092 339 2168 oportet,
374 2083 513 2169 sequitur
544 2094 580 2146 ut
612 2092 764 2168 quotquot
798 2078 928 2144 alterum
964 2082 1025 2145 sint
1057 2103 1171 2146 munus

203 2194 342 2281 adepturi
359 2194 500 2258 omnibus
514 2194 550 2256 iis
563 2193 732 2256 satisfacere
752 2189 979 2255 conditionibus
998 2202 1171 2269 teneantur,

203 2327 283 2394 quae
301 2307 397 2370 altero
415 2306 554 2392 petituris
570 2305 773 2391 praescriptae
792 2303 907 2369 luerint
925 2302 949 2369 ³.
983 2305 1080 2368 Penes
1093 2324 1170 2391 qnos

202 2429 307 2485 autem
326 2415 437 2481 borum
460 2417 654 2482 comitiorum
674 2405 878 2493 ineundorum
901 2417 938 2480 sit
952 2426 1095 2503 potestas,
1114 2418 1170 2504 qui

201 2530 398 2596 serendorum
425 2529 635 2616 suffragiorum
662 2529 694 2592 in
719 2528 754 2592 iis
775 2528 850 2593 ritus
872 2550 1014 2617 quaeque
1033 2531 1170 2616 auspicia

200 2642 397 2707 instituantur
413 2640 662 2728 anquirentibus,
686 2640 917 2726 respondemus,
943 2641 1048 2707 eadem
1076 2643 1168 2728 plane

199 2753 390 2841 superbisse
412 2754 552 2820 omnibus
567 2753 701 2819 edictum
711 2752 882 2829 sancivisse,
893 2774 973 2838 quae
990 2754 1029 2817 ab
1040 2753 1166 2818 urbibus

198 2868 334 2954 proprios
357 2866 549 2932 mittentibus
576 2866 691 2952 legatos
719 2863 875 2951 usurpari,
911 2862 1002 2927 modo
1027 2862 1165 2928 animad-

199 2981 344 3045 vertimus
363 2981 387 3046 ⁴.

242 3093 343 3156 Altera
364 3090 491 3157 concilis
513 3092 702 3157 urbanorum
722 3091 875 3156 districtus
892 3091 1063 3177 legatorum
1082 3091 1165 3156 olco·

198 3206 274 3270 tioni
287 3206 492 3283 inservientia,
502 3205 541 3271 ab
559 3205 750 3281 electoribus,
766 3226 842 3293 quos
857 3204 999 3291 oppidani
1013 3205 1164 3292 cujusque

197 3317 350 3383 districtus
377 3316 515 3382 homines
547 3317 801 3405 designaverunt,
829 3318 862 3382 in
889 3318 941 3383 illa
966 3318 1059 3395 urbe,
1083 3339 1164 3405 quae
1206 3403 1210 3411 1

196 3430 371 3516 provinciae
394 3443 486 3518 caput
505 3430 661 3509 habeatur,
683 3430 864 3497 celebranda
885 3441 968 3495 sunt.
1006 3431 1162 3513 Quorsum

196 3545 257 3621 illi,
277 3545 380 3609 missis
406 3543 553 3629 epistolis,
586 3545 761 3620 convocati,
795 3556 958 3629 postquam
988 3543 1161 3626 injunctam

143 3633 150 3645 ο
196 3657 337 3724 electuris
356 3656 554 3742 jurisjurandi
574 3656 737 3721 formulam
759 3656 1032 3741 pronuntiaverint,
1058 3655 1163 3721 mode·

196 3781 281 3835 rante
301 3768 453 3835 districtus
476 3766 611 3854 praeside
633 3767 774 3852 binisque
794 3767 821 3831 ci
843 3766 1045 3832 directoribus
1074 3767 1160 3832 adso-

229 4041 237 4074 ¹
254 4042 314 4092 isra.
331 4043 350 4091 r,
367 4059 388 4092 s.
406 4042 421 4109 a
437 4041 462 4090 e.
708 4038 787 4088 ²arsa
812 4039 830 4087 t.
849 4055 871 4087 ο.
888 4039 903 4105 p
919 4036 963 4088 24.

228 4133 315 4184 ³rsu.
333 4137 351 4186 r.
369 4151 390 4184 s.
407 4137 420 4200 a
437 4132 480 4183 26.
574 4132 582 4164 ὁ
602 4133 662 4181 tbit.
680 4133 698 4182 r.
717 4149 738 4182 ο.
756 4133 770 4200 a
787 4129 831 4198 as,
850 4132 906 4182 0011.
923 4134 951 4202 qq
962 4129 1005 4196 21,
1022 4130 1056 4182 as
1073 4142 1096 4182 ea
1114 4130 1157 4183 2³.

939 4229 978 4290 13
