2738 4740
589 472 628 533 49

133 680 223 722 suurn
239 654 431 722 adnuntiavit
447 676 609 720 aaronem«
625 654 779 739 simulque
798 652 961 720 declaravit
978 656 1102 720 nullum

132 796 164 835 se
183 774 316 858 amplius
337 773 441 837 locum
466 772 547 834 inter
571 770 706 834 civitates
728 770 897 852 Europaeos
917 769 1103 835 Germanico

132 887 263 972 lmperio
280 886 471 961 adtribuere,
496 905 604 947 rerum
624 902 777 952 summam
799 890 919 945 tantum
938 902 1103 968 agnoscere

132 1000 343 1086 singulorum,
378 998 491 1085 quibus
535 996 738 1080 compositum
772 993 941 1079 Imperium
977 994 1102 1069 luisset,

132 1113 273 1176 Statuam
300 1121 481 1197 potestatem
502 1109 525 1173 ¹.
567 1111 646 1172 Tum
665 1128 854 1172 rnaucrscue
876 1107 907 1170 11
925 1107 1105 1191 Imperator,

72 1291 75 1297 ,
133 1246 226 1308 qnam
264 1224 302 1288 ob
336 1242 512 1310 progressus
557 1219 779 1305 audaciamque
819 1198 1033 1284 raroaaoaris
1069 1238 1106 1282 ac

134 1336 302 1398 multorum
316 1335 457 1398 Statuum
480 1354 552 1397 cum
571 1331 693 1396 Francis
711 1331 887 1410 amicitiam,
903 1328 1106 1416 jampridem

135 1467 198 1508 aron
220 1446 279 1508 nisi
304 1444 428 1509 nomine
454 1455 611 1522 tenuerat,
641 1444 674 1507 in
707 1453 862 1528 posterum
889 1464 963 1507 vero
994 1462 1035 1506 ne
1063 1441 1107 1506 sic

136 1556 261 1644 quidem
282 1556 442 1621 commode
461 1578 580 1621 serrare
602 1578 634 1620 ae
656 1577 742 1640 posse
762 1556 832 1619 satis
861 1577 946 1620 nunc
964 1554 1107 1619 animad-

135 1669 270 1732 vertebat
299 1667 477 1754 dignitatem
499 1669 738 1753 imperatoriam,
772 1689 806 1732 ea
836 1667 967 1731 solemni
986 1690 1019 1731 se
1046 1667 1107 1731 ritu

135 1780 286 1845 abdicavit
316 1779 561 1866 confirmansque
586 1779 659 1855 sibi,
690 1800 784 1864 quem
805 1779 930 1843 biennio
946 1778 1011 1862 jam
1036 1789 1108 1844 ante

135 1894 335 1967 adsumserat,
359 1894 510 1957 lustriaci
533 1893 726 1976 Imperatoris
755 1892 878 1955 titulum
898 1892 932 1970 ²,
954 1902 1109 1979 quotquot

135 2006 350 2089 cujuscunque
377 2004 496 2091 generis
525 2006 630 2070 officiis
659 2004 824 2090 antiquum
847 2026 920 2091 erga
940 2005 1109 2090 lmperinm

136 2108 418 2204 obstringerentur‘,
439 2114 499 2182 lroc
530 2117 597 2181 illos
620 2116 742 2182 vinculo
763 2117 894 2179 liberare
914 2138 946 2180 se
971 2139 1109 2203 pronun·

115 2230 219 2322 *tiarit
249 2229 273 2295 ³.
324 2232 353 2293 ls
390 2232 486 2316 igitur
517 2230 585 2293 linis
622 2228 953 2295 Romano-Germanici
998 2230 1110 2295 exstitit

137 2344 272 2429 Imperii.
316 2344 378 2424 Qui
401 2354 537 2421 eventus,
562 2343 609 2407 uti
636 2343 726 2408 rebus
749 2364 961 2408 aaroneonrrs
987 2343 1111 2408 utilissi-

139 2478 208 2519 mus
238 2455 369 2532 accidit,
400 2455 443 2519 sic
473 2456 675 2522 insatiabilem
709 2456 774 2542 ejus
810 2456 988 2522 dominandi
1019 2458 1111 2543 cupi-

139 2569 242 2634 dinem
259 2569 380 2654 explere
402 2568 528 2633 minime
549 2570 657 2653 potuit,
681 2591 788 2635 verum
812 2570 876 2647 ille,
896 2592 968 2635 cum
989 2570 1109 2637 tanam·

139 2681 245 2746 simam
265 2693 406 2766 expertus
417 2681 518 2748 adhuc
534 2682 687 2747 fortunam
705 2683 819 2760 luisset,
840 2684 871 2747 in
890 2682 949 2748 hoc
964 2704 1110 2770 prospero

139 2794 333 2860 victoriarum
373 2816 466 2859 cursu
496 2796 625 2859 minime
654 2796 711 2860 sibi
744 2795 973 2862 subsistendum
1008 2807 1108 2875 ratus,

140 2909 227 2992 plura
253 2906 365 2971 dehinc
396 2928 433 2972 ac
462 2909 578 2992 majora
608 2909 640 2971 in
674 2908 737 2972 dies
770 2909 894 2973 consilia
928 2931 1109 2995 aggressus,

141 3041 205 3106 quo
234 3019 357 3083 tristiori
382 3021 567 3085 Germaniae
594 3021 701 3105 populi
727 3021 861 3105 oppressi
880 3020 1026 3103 jacebant
1053 3022 1111 3085 im·
1157 3006 1161 3015 ⁵

141 3132 324 3208 hecillitate,
355 3155 392 3196 eo
418 3133 517 3197 acrius
542 3144 572 3196 et
593 3131 773 3208 audentius,
797 3154 878 3219 quae
894 3131 1108 3210 inchoaverat,

142 3257 318 3331 persecutus
346 3257 409 3323 cst,
433 3268 509 3311 nora
537 3247 684 3311 continuo
708 3245 787 3311 bella
808 3246 953 3323 moliens,
979 3267 1063 3332 quo,
1084 3247 1109 3311 ai

142 3360 196 3445 qui
217 3361 286 3424 satis
303 3358 404 3424 adhuc
423 3359 536 3424 viribus
556 3360 724 3444 pollerent,
750 3369 782 3423 ut
805 3360 851 3422 rel
873 3359 1026 3423 tantillum
1045 3371 1109 3424 stn-

188 3517 191 3521 .
196 3513 339 3523 ...-—.—..

178 3604 184 3636 ¹
206 3606 331 3664 nicanora,
349 3605 362 3670 d
379 3603 443 3661 60&
462 3603 618 3667 Europaiaclre
633 3607 751 3667 Annalen,
767 3601 843 3666 l806,
856 3604 880 3652 l.
892 3603 936 3666 lX,
946 3622 969 3667 p.
980 3601 1040 3667 239,
1051 3603 1109 3663 2433

143 3696 253 3746 Politiaolr
273 3697 384 3756 Journal,
403 3694 479 3757 1806,
497 3705 556 3757 nug.
574 3713 599 3758 p.
616 3694 675 3743 776.

177 3791 188 3821 ²
206 3793 324 3850 littereas,
342 3791 460 3852 Suppli-nr.
479 3807 508 3837 au
527 3790 634 3850 lteeueil,
650 3791 676 3837 Τ.
697 3789 736 3845 ll,
753 3805 776 3850 p.
796 3785 837 3835 89.

177 3885 187 3914 Ἀ
206 3886 327 3942 Miraris,
344 3900 381 3944 op.
400 3883 418 3930 l.
436 3881 494 3928 ibid.
513 3899 534 3943 p.
553 3879 613 3941 326,
631 3898 682 3942 sqq.
702 3892 822 3940 arranem,
839 3879 880 3927 der
897 3879 942 3927 nt.
960 3879 1039 3940 Baad,
1054 3879 1111 3941 Η,

144 3995 166 4037 p.
186 3976 228 4035 st,
246 3993 297 4038 aqq.
325 3978 410 4036 Europ.
428 3974 513 4023 tunel.
532 3975 558 4023 l.
576 3974 619 4033 lll,
635 3991 658 4034 p.
669 3970 734 4029 249;
756 3973 826 4020 Polit.
836 3973 919 4022 lonrn.
932 3970 1007 4035 1806,
1017 3990 1041 4035 p.
1051 3969 1110 4020 859.

146 4071 249 4118 tatarum
272 4070 301 4116 ala
324 4069 470 4116 abdicatione
488 4083 540 4114 curn
562 4069 669 4114 Statuam
687 4067 839 4114 mandatariis
856 4067 998 4115 llatia'bonae
1015 4081 1115 4128 congre·

146 4164 205 4226 gatis
223 4165 330 4213 lustriae
347 4164 438 4227 lagatus
456 4161 644 4226 communicarit,
663 4155 687 4209 d.
706 4160 735 4211 ll
755 4164 813 4223 lag.
833 4177 854 4207 a.
874 4156 950 4209 1806.

966 4256 985 4317 4
