2738 4740
662 435 704 496 65

199 615 271 677 est¹
301 613 465 700 ejusmodi,
500 635 580 698 quae
611 635 647 676 ex
674 612 730 685 iis,
756 610 811 695 qui
828 609 997 696 plurimum
1023 606 1163 675 collaturi

198 739 293 790 essent
321 728 443 811 tributi,
470 750 506 792 er
532 725 682 812 opulentis
705 723 838 789 maxime
864 723 1100 811 negotiatoribus
1129 745 1167 788 sc

196 838 444 915 fabricatoribus,
475 861 492 903 e
523 838 593 900 siris
624 836 757 922 denique
790 834 915 899 literatis
946 845 975 898 et
1000 833 1166 901 artificibus

196 949 324 1036 aliisque
347 949 463 1014 civibus
488 946 720 1022 laudatissimis,
750 956 831 1011 ccrta
859 945 1053 1031 proportione
1082 967 1166 1012 com·

196 1062 336 1146 ponenda
355 1061 387 1141 ²,
418 1071 574 1127 caeterum
602 1082 618 1123 a
646 1060 725 1145 regis
750 1056 841 1122 unice
863 1056 999 1142 pendere
1027 1058 1166 1124 nomios·

197 1175 279 1238 tione
305 1173 452 1238 deberent
474 1171 498 1248 ³,
535 1172 593 1236 nisi
617 1170 700 1257 quod
726 1169 917 1254 quicumque
944 1168 1004 1231 illis
1023 1167 1166 1254 adscripti

197 1286 271 1350 socii
299 1287 439 1367 fuissent,
459 1283 576 1349 hancce
605 1283 786 1369 dignitatem
810 1280 913 1367 quoad
941 1280 1052 1347 victuri
1069 1291 1167 1347 essem

199 1417 375 1462 conservare
393 1398 432 1462 ab
455 1419 552 1483 eaque
572 1396 684 1480 judicis
709 1393 923 1459 tantummodo
949 1392 1099 1458 sententid
1117 1414 1166 1458 re·

200 1509 313 1572 moveri
332 1531 419 1594 posse
432 1509 625 1592 jubebantur
640 1507 663 1573 ⁴.
687 1506 776 1589 Quod
795 1528 865 1571 reso
881 1504 919 1570 sd
937 1515 1037 1591 partes
1047 1504 1165 1581 attinet,

199 1643 276 1707 quas
301 1622 382 1687 circa
405 1620 549 1706 publicae
571 1621 615 1684 rei
643 1618 882 1684 moderationem
908 1618 1105 1682 commissum
1128 1616 1166 1681 iri

199 1732 280 1797 bisce
304 1732 497 1798 mandatariis
526 1741 696 1819 oporteret,
722 1743 854 1797 versatae
881 1731 952 1795 illae
972 1752 1076 1796 omnes
1094 1740 1167 1795 sunt

199 1846 231 1908 in
253 1843 472 1908 deliberatione
498 1843 537 1909 de
561 1844 597 1907 iis
627 1844 732 1930 legum
762 1843 980 1929 speciminibus
1009 1842 1164 1919 obeunda,

199 1978 280 2043 quae
295 1978 313 2021 a
331 1956 462 2021 concilio
485 1956 614 2021 civitatis
634 1957 802 2035 elaborata,
825 1956 919 2041 ipsius
945 1955 1057 2021 deinde
1086 1957 1166 2045 regis

193 2068 281 2153 jussu
308 2069 368 2133 illis
390 2069 541 2154 proposita
569 2069 696 2134 luissent
716 2081 809 2155 atque
830 2079 883 2134 sut
909 2070 952 2134 rei
974 2069 1167 2157 pecuniariae

197 2180 361 2266 quotannis
382 2180 602 2266 perficiendam
623 2180 854 2259 ordinationem,
875 2190 928 2245 aut
951 2179 1109 2245 tentandas
1131 2179 1165 2244 in

192 2292 314 2377 juribus
334 2292 474 2357 civilibus
493 2303 696 2380 monetaeque
715 2304 794 2357 statu
816 2293 1008 2359 continerent
1025 2293 1167 2359 mutatio·

197 2426 261 2480 nes,
285 2403 324 2469 de
347 2406 460 2492 quibus
480 2404 534 2468 ubi
554 2407 639 2490 prius
661 2429 679 2471 a
700 2406 818 2472 selectis
836 2404 945 2470 borum
971 2405 1165 2472 comitiorum

192 2517 284 2583 sociis
304 2518 486 2604 selectisque
499 2518 742 2583 consiliatoribus
754 2521 960 2585 communiter
971 2518 1165 2606 disquisitum

197 2628 318 2706 fuisset,
342 2629 469 2695 occultis
493 2628 604 2694 deinde
624 2641 807 2697 cunctorum
829 2630 1086 2696 mandatariorum
1102 2629 1166 2693 suf·

201 2741 302 2827 fragiis
320 2742 499 2827 pertractari
519 2741 572 2807 illa
589 2741 700 2807 debore
716 2743 904 2808 statuebatur
919 2741 943 2807 ⁵.
975 2741 1166 2807 Conventum

197 2863 298 2917 autem
320 2875 356 2917 es
379 2851 509 2935 hujusce
523 2851 600 2940 legis
616 2853 760 2938 publicae
778 2853 945 2939 praeceptis
960 2852 1163 2929 efformatum,

234 3010 240 3042 ¹
260 3011 315 3059 llari.
331 3012 410 3060 const.
427 3014 478 3061 brt.
495 3011 539 3062 39:
560 3013 598 3060 sll
616 3028 666 3061 sers
684 3014 758 3061 torno
776 3012 833 3060 dans
851 3011 943 3074 chaque
959 3012 1119 3076 sltpsrtsmest
1132 3027 1165 3060 us

199 3104 288 3167 college
312 3104 342 3151 ‹ls
374 3104 560 3167 departement.''
595 3111 647 3154 Art.
674 3104 731 3153 lle:
760 3107 804 3153 les
826 3104 928 3166 colliges
952 3103 981 3153 de
1006 3104 1166 3166 departemsst

199 3205 345 3244 nommesont
360 3197 397 3244 les
413 3197 528 3246 membres
545 3197 586 3245 des
602 3198 674 3245 Etsts.

233 3288 317 3337 Ἐπὶ.
339 3290 417 3337 Const.
439 3292 490 3338 brt.
517 3289 566 3337 40:
594 3290 640 3337 sLe
659 3288 755 3336 nombre
772 3286 813 3335 des
831 3287 943 3336 membres
960 3288 1002 3335 des
1017 3287 1119 3349 colliges
1135 3285 1164 3336 tls

200 3381 359 3445 department
386 3396 437 3430 sers
464 3389 476 3431 ai
500 3383 578 3431 rsison
601 3382 658 3431 d'un
681 3383 783 3430 membre
806 3400 865 3445 pour
882 3382 947 3430 mille
964 3381 1088 3443 liabitsns,
1110 3397 1165 3430 ssss

199 3475 260 3538 qu'il
282 3474 361 3537 puisse
378 3476 515 3523 ndsnmoins
533 3479 582 3523 dtre
600 3475 705 3523 moisdre
723 3475 751 3522 tls
770 3475 832 3522 deux
847 3476 941 3523 cents.”
969 3478 1019 3525 Art.
1037 3473 1083 3521 sl:
1104 3474 1165 3523 »bes

200 3568 312 3615 membres
337 3565 377 3614 des
401 3568 504 3630 colliges
529 3566 558 3614 sle
581 3565 740 3628 departement
766 3575 847 3615 seront
872 3571 975 3615 nonnos
991 3582 1033 3629 psr
1049 3566 1073 3613 le
1089 3566 1125 3616 roi
1141 3576 1165 3614 et

199 3670 278 3709 seront
295 3659 400 3720 choisis,
432 3659 523 3707 sarcir:
547 3660 582 3707 les
610 3667 693 3720 qustre
711 3658 818 3706 sisilsmes
835 3660 908 3721 parmi
924 3660 960 3707 les
977 3659 1013 3707 sis
1030 3667 1096 3708 oests
1111 3659 1163 3724 plus

198 3757 297 3817 imposds
321 3753 353 3799 dn
379 3751 549 3814 department,
566 3768 598 3798 un
616 3751 711 3799 sixidms
729 3750 801 3812 parmi
823 3750 859 3799 les
876 3751 929 3814 plus
946 3751 1023 3800 riolrss
1039 3752 1164 3816 ndposisss

199 3860 222 3896 et
246 3848 364 3896 lubricans
392 3855 415 3894 es
443 3863 474 3893 nn
500 3845 596 3892 risibus
622 3844 693 3905 parmi
717 3845 752 3891 les
769 3860 870 3906 sersus,
897 3845 932 3893 lss
949 3845 1042 3894 srtistes
1058 3845 1094 3893 les
1111 3846 1164 3908 plns
1258 3875 1260 3878 -

199 3942 328 4005 distinguis
346 3949 369 3988 st
386 3940 422 3988 les
440 3939 546 4000 citoyens
564 3936 605 3998 qni
622 3944 707 3983 snront
723 3936 747 3984 le
764 3937 843 3985 misus
860 3939 941 3987 meriti
958 3937 987 3986 de
1003 3939 1103 3987 tusss’·

235 4034 245 4066 ³
262 4035 318 4083 sm.
335 4034 413 4082 Const.
431 4034 480 4080 brt.
500 4029 542 4092 dl,
560 4029 612 4079 init.
738 4027 748 4060 ⁸
765 4031 820 4079 ted.
836 4031 914 4079 Const.
930 4034 980 4079 sn.
996 4030 1037 4080 43.

235 4125 317 4175 ³llsd.
334 4126 412 4174 Const.
431 4127 480 4173 Διί.
499 4121 540 4184 33,
558 4126 606 4170 Art.
625 4117 734 4170 21-25.

993 4222 1012 4281 5
