2738 4740
604 453 665 513 143

152 642 327 718 lundonam,
351 658 429 724 qnae
456 633 581 699 dominii
608 633 697 699 titnlo
721 635 761 699 ab
780 636 815 699 iia
833 647 993 705 teneantur
1011 657 1114 729 neque

153 757 243 822 etiam
268 754 300 818 in
324 748 449 816 caeteris
469 747 571 823 iidem,
596 747 658 811 sive
678 745 878 813 immunitatis
898 754 1030 832 nomine,
1051 756 1114 819 aive

151 867 311 956 privilegii,
332 862 441 950 potiori
458 882 551 947 qnam
569 859 705 946 reliquae
719 859 882 927 hominum
901 863 1008 929 classes
1029 865 1114 931 usuri

152 1002 216 1045 esse
235 976 408 1044 conditione
426 973 449 1040 ¹.
492 972 580 1054 Quae
597 972 622 1035 si
645 973 712 1058 qais
733 984 853 1060 reputat
871 975 1028 1061 simulque
1047 999 1115 1042 me·

151 1090 276 1156 minavit
304 1088 362 1152 alia
390 1085 515 1168 insuper
543 1081 625 1148 baud
653 1106 751 1169 pauca
779 1097 900 1172 recepta
929 1085 1023 1152 hacce
1049 1088 1119 1175 lego

151 1204 253 1278 luisse,
273 1220 352 1286 quac
369 1197 408 1262 ad
427 1195 572 1260 tuendam
583 1195 695 1261 civium
714 1197 884 1263 libertatern
901 1197 1009 1263 eximie
1027 1199 1118 1264 vide·

153 1325 259 1380 rentur
283 1311 451 1397 pertinere,
471 1309 572 1395 qualia
593 1308 722 1373 dicimus
745 1310 874 1376 lendalis
891 1312 1119 1399 abrogationem

153 1425 304 1492 servitutis
312 1424 337 1499 ²,
352 1420 503 1486 honorum
517 1422 809 1510 magistratuumque
824 1424 1026 1511 gerendorum
1038 1426 1120 1491 idem

150 1539 202 1623 jus
219 1534 360 1599 omnibus
377 1520 564 1610 concessam,
581 1534 782 1620 aequabiliter
802 1557 894 1602 onera
915 1538 1037 1623 publica
1058 1537 1120 1602 dis·

156 1648 269 1712 tributa
286 1646 309 1724 ³,
329 1667 483 1711 sacrorum
503 1644 744 1730 profitendarum
767 1649 1012 1736 scriptorumque
1027 1648 1121 1715 eden-

155 1759 265 1825 dorum
296 1759 471 1846 promissam
505 1758 676 1823 libertatem
695 1758 725 1821 ⁸:
755 1757 840 1826 bunc
870 1760 903 1825 in
931 1782 1000 1826 eam
1029 1763 1122 1828 facila

154 1873 310 1938 inclinare.
329 1871 507 1937 sententiam
531 1881 693 1956 putamus,
711 1870 836 1958 dignam
864 1874 1014 1959 imprimis
1040 1873 1122 1941 bano

155 1987 255 2073 legem
271 1985 428 2071 publicam
446 1984 547 2061 luisse,
567 2004 647 2069 quae
666 1983 792 2047 summis
809 1985 951 2050 laudibus
962 2008 1121 2053 exornare·

155 2112 216 2166 tur.
258 2099 347 2164 blado
368 2097 450 2162 idem
478 2118 519 2160 ne
541 2095 735 2161 obliviscatur
760 2096 909 2173 eamdem,
932 2097 1013 2163 baud
1035 2120 1122 2164 secur

153 2222 247 2298 atque
262 2209 503 2295 Westpbalicam
519 2208 616 2284 illam,
636 2206 675 2273 ad
692 2208 781 2292 cnjus
799 2209 930 2274 maxime
946 2213 1121 2297 exemplum

155 2327 311 2390 efformata
338 2324 432 2387 luerit
452 2322 627 2407 multasque
657 2321 730 2386 alias
752 2320 837 2385 istius
858 2323 1019 2408 temporis,
1044 2346 1123 2413 qnae

154 2436 351 2523 Napoleantei
383 2433 502 2521 ingenii
527 2435 702 2518 impressam
729 2434 786 2498 sibi
814 2436 939 2501 tulerint
968 2435 1122 2526 effigiem,

151 2551 274 2639 juribus
305 2547 534 2633 commodisque
571 2546 767 2632 popularium
800 2547 987 2614 vindicandis
1019 2571 1124 2636 reapse

154 2669 248 2754 longe
270 2663 372 2728 minus
389 2660 573 2747 prospexisse
595 2681 687 2746 mam
708 2658 836 2745 hujusce
852 2663 1032 2750 assequendi
1053 2684 1123 2750 pro-

154 2779 243 2867 positi
257 2798 320 2842 uno
339 2773 457 2840 seduci
473 2771 573 2838 studio
587 2782 726 2837 auctores
736 2772 864 2838 fidenter
873 2775 1123 2860 praedicaverint.

156 2890 247 2973 Quod
264 2888 317 2954 nbi
337 2887 478 2964 dicimus,
495 2896 561 2950 tam
576 2885 634 2949 alia
647 2885 743 2949 multa
758 2883 789 2949 in
802 2886 1007 2951 testimoninm
1017 2909 1126 2953 vocare

156 3001 313 3089 possimus,
325 3011 392 3063 tum
401 2998 460 3063 hoc
469 2996 645 3084 pracsertim
655 3006 836 3080 spectemus,
847 2997 929 3082 qnod
939 2999 988 3063 vel
996 2999 1060 3084 ipsa
1071 2998 1124 3064 ille

156 3112 391 3205 repraesentatio
404 3110 522 3196 populi,
538 3108 628 3194 cujna
647 3109 680 3173 in
699 3128 853 3172 summum
873 3109 1018 3197 libertatis
1037 3131 1125 3195 prae·

158 3226 268 3292 sidium
290 3225 434 3309 promissa
454 3222 557 3287 luisset
576 3221 734 3298 institutio,
755 3221 871 3285 fontem
892 3221 925 3286 in
940 3220 1035 3287 bacce
1056 3223 1126 3310 lege

159 3341 203 3405 sic
219 3358 329 3423 parum
351 3334 491 3400 habuerit
507 3335 685 3421 popularem
706 3346 740 3400 ut
758 3337 868 3421 partim
887 3337 921 3400 in
939 3335 1032 3420 ipsias
1050 3344 1127 3400 esset

159 3450 239 3537 regia
265 3448 400 3525 arbitrio,
410 3447 520 3533 partim
541 3469 559 3512 e
579 3448 683 3533 paucis
704 3447 850 3533 penderet
869 3447 986 3513 civibus
1005 3445 1126 3510 divitia·

159 3582 228 3626 rum
246 3559 448 3645 amplitudine
466 3559 647 3644 conspicuis,
664 3560 776 3647 quibos
794 3558 875 3625 banc
892 3560 986 3623 solam
1002 3559 1042 3623 ob
1055 3579 1128 3623 cau·

159 3696 223 3739 sam
240 3673 361 3761 insigne
376 3672 454 3737 illnd
472 3672 666 3759 privilegium
682 3693 737 3759 per
760 3692 883 3737 omnem
904 3673 997 3735 vitam
1015 3691 1127 3736 conce·

160 3787 294 3853 alendum
319 3788 493 3874 juberetur.
539 3788 660 3852 Etenim
684 3808 801 3874 quum,
827 3786 954 3871 antiqua
980 3783 1127 3850 divisione

201 4043 208 4074 ¹
224 4044 280 4093 ead.
296 4046 420 4096 Constitnt.
439 4047 484 4094 Tir.
503 4046 523 4104 l,
540 4044 570 4109 (d
588 4043 613 4105 5,
632 4043 656 4090 6·

546 4064 550 4074 r

541 4096 549 4108 Ι

194 4134 205 4167 2
223 4136 283 4185 rara.
302 4138 315 4203 q
332 4137 356 4186 s.
546 4133 557 4166 ³
576 4132 635 4181 rara.
654 4133 668 4200 q
686 4132 710 4180 5.
882 4131 892 4165 ⁴
911 4133 971 4182 rara.
989 4131 1003 4201 a
1019 4131 1044 4182 ⁷.
