2738 4740
731 439 774 500 86

270 628 317 691 tiis
335 624 518 691 decernendi
540 624 562 698 ¹,
591 645 609 685 e
641 623 760 687 selectis
790 621 991 705 compositum
1020 629 1065 683 est
1093 616 1237 682 ordinum

269 740 367 816 sociis,
388 759 465 824 quos
484 737 597 824 integri
615 734 746 811 ordines,
766 755 822 798 suo
841 734 955 820 singuli
977 732 1114 810 nomine,
1137 731 1240 818 desig-

161 941 165 949 .
270 861 428 925 noverunt,
453 848 614 915 observatis
636 848 749 934 regulis
770 847 999 932 praeceptisque
1023 846 1105 911 circo
1126 866 1241 910 munus

272 963 404 1050 eligendi
434 961 510 1026 dotis
538 961 562 1026 ².
617 959 912 1046 Repraesentationis
943 958 1040 1046 igitur
1062 958 1117 1043 jos
1147 968 1243 1042 atque

270 1075 405 1140 officium
436 1095 530 1160 penes
558 1073 642 1138 bunc
671 1084 716 1137 est
745 1093 964 1158 congressum,
1000 1071 1053 1135 cui
1085 1070 1177 1134 illum
1208 1069 1243 1132 in

269 1187 363 1252 linem
383 1208 530 1252 uumerus
545 1185 758 1272 suffragiorum
777 1205 939 1249 concessus
957 1192 1002 1247 est
1015 1181 1244 1269 quinquaginta

270 1298 345 1382 duo,
364 1300 385 1362 i.
410 1321 436 1365 e.
457 1298 655 1363 tredenorum
672 1319 708 1361 ex
726 1296 883 1361 ordinibus
902 1295 1042 1382 singulis.
1074 1291 1245 1360 convenire

270 1423 397 1498 possunt
419 1421 538 1476 tuntum
555 1432 591 1474 ex
607 1407 788 1475 auctoritate
803 1407 1027 1474 convocationis
1044 1404 1245 1491 principiano

269 1523 428 1588 discedere
450 1533 612 1599 tenentur,
638 1522 781 1600 simulac,
806 1521 931 1585 nomine
949 1519 1146 1604 imperantis,
1169 1538 1245 1602 pro-

269 1635 444 1700 nuntiatum
468 1644 531 1711 est,
563 1635 697 1698 solutum
721 1644 906 1699 conventum
933 1653 997 1697 esse
1017 1631 1040 1697 ³.
1070 1629 1248 1696 moderator

269 1747 356 1811 bunc
388 1766 585 1832 congressum
614 1746 803 1830 praelectam,
830 1755 981 1830 temperat
1004 1765 1078 1807 vero
1094 1742 1248 1807 delibera·

271 1858 370 1922 tiones
384 1858 596 1921 marescallus:
608 1859 654 1922 illi
670 1858 803 1923 liberum
823 1869 868 1923 est
884 1856 1062 1943 suffragium
1080 1876 1174 1920 suum
1194 1864 1249 1918 unt

270 1978 343 2034 ante
365 1979 419 2031 aut
441 1980 509 2054 post
534 1968 655 2033 ordines
676 1969 872 2055 interponere
889 1990 1068 2054 munusque
1093 1966 1250 2034 incumbit

271 2082 424 2157 calculos,
445 2092 568 2166 peracta
588 2081 803 2168 suffragiorum
827 2082 961 2158 latione,
989 2080 1174 2168 colligendi:
1197 2077 1251 2143 hic

271 2194 357 2260 omni
375 2193 519 2279 suffragio
539 2205 634 2260 caret.
658 2195 826 2260 Deficiente
844 2193 999 2280 praelecto
1016 2194 1151 2280 regioni,
1169 2213 1251 2256 mu-

273 2327 334 2371 nus
356 2305 437 2367 illius
455 2305 519 2368 obit
540 2306 727 2370 consiliarius
749 2305 853 2383 aulae,
873 2304 1090 2392 gubernationi
1109 2305 1254 2393 Tyroliae

271 2415 456 2496 adscriptus;
469 2415 661 2481 deficientem
677 2438 747 2479 rero
761 2418 976 2482 marescallum
991 2419 1117 2503 supplet
1133 2418 1254 2502 primus

273 2525 439 2609 delegatis
460 2526 627 2604 nobilium,
648 2529 786 2613 quitum
809 2551 917 2593 curare
930 2529 1021 2595 debet
1040 2542 1077 2593 ut
1095 2531 1255 2617 integram
1315 2568 1324 2584 ·

272 2637 331 2703 sibi
361 2646 459 2700 arrrret
480 2637 596 2701 serendi
625 2640 760 2726 suffragii
785 2639 972 2706 facultatem.
1022 2643 1258 2728 Quaecumque

273 2749 396 2813 decreta
415 2747 542 2811 luerunt
557 2749 670 2834 scripto
689 2750 868 2837 consignare
886 2752 1000 2818 debent
1016 2754 1164 2819 ordinum
1187 2776 1260 2840 gra·

274 2856 412 2945 phiarius
430 2881 467 2924 ac
486 2859 656 2943 praelectus
674 2861 804 2946 regioni,
815 2873 890 2940 tum,
910 2876 1003 2947 prout
1017 2868 1136 2931 sancita
1153 2867 1196 2930 ab
1211 2888 1260 2930 or-

274 2969 410 3046 dinibus,
426 2973 630 3057 promulgore.
650 2974 741 3038 Notas
756 2996 858 3038 rerum
878 2988 1034 3061 gestarum
1054 2981 1262 3044 conscribant

276 3089 397 3162 oportet
427 3081 590 3147 relerentes
619 3084 800 3149 universales
827 3086 882 3171 qui
908 3087 1056 3153 dicuntur
1087 3090 1261 3177 (General-

276 3190 461 3277 relcrentcn)
481 3204 511 3256 et
529 3194 692 3279 graphioni
710 3197 863 3274 ordinum,
887 3202 1092 3285 comprobent
1116 3205 1264 3289 praelec-

276 3309 325 3361 tus
343 3310 435 3383 alque
454 3306 656 3382 marescallus,
674 3318 739 3370 turn
759 3309 828 3372 illae
850 3311 993 3375 ordinum
1016 3315 1147 3379 nomine
1164 3317 1264 3382 edan·

276 3418 338 3481 tur,
354 3411 544 3476 subscribant
563 3417 598 3476 iis
617 3415 751 3502 denique
771 3421 939 3504 praelectus
958 3435 989 3486 et
1007 3428 1217 3491 marescallus
1238 3431 1264 3495 l.

353 3578 387 3659 C)
424 3582 472 3646 De
482 3586 619 3669 juribus
641 3599 671 3651 et
693 3593 809 3679 officio
832 3605 1000 3661 corruentes
1026 3600 1182 3687 hujusce.

322 3730 374 3790 lus
395 3738 536 3804 ordinum
561 3745 630 3806 satis
650 3747 798 3830 imprimis
825 3776 917 3838 gravo
939 3769 982 3820 cst
1006 3759 1087 3824 circa
1111 3786 1181 3827 rcrn
1208 3765 1266 3829 tri·
