2738 4740
653 448 713 511 185

199 631 441 698 memoravimus.
487 633 556 714 Qua
584 631 732 719 dignitate
768 632 875 718 populi
904 635 1165 721 qualemcumque

199 748 232 811 in
250 769 296 811 res
311 746 442 812 urbanas
452 744 703 811 administrandas
715 743 881 810 efficaciam
892 747 1078 830 potissimum
1089 770 1163 814 con·

199 860 303 937 tineri,
324 860 428 946 ipsum
446 879 559 923 nomen
579 858 649 922 satis
666 855 803 923 iudicare
822 856 953 924 videtur.
976 860 1083 944 Neque
1097 881 1163 926 rem

199 972 459 1038 considerantibus
482 970 564 1037 banc
584 968 726 1058 redargui
743 970 947 1057 suspicionem
971 972 1164 1038 arbitramur.

197 1086 318 1151 Etenim
342 1084 475 1170 plebeji,
500 1104 578 1170 quos
607 1082 753 1161 diximus,
786 1083 1005 1163 consiliatores,
1038 1093 1108 1149 utut
1130 1085 1165 1151 in

199 1201 432 1285 magistratuum
462 1194 592 1282 collegio
619 1195 825 1274 elementum,
857 1193 966 1262 sihoc
995 1196 1042 1261 uti
1072 1195 1166 1261 serbo

199 1311 300 1386 liceat,
314 1306 478 1373 admodum
494 1318 680 1394 componant
698 1308 856 1394 populare,
871 1319 973 1373 umen
991 1319 1021 1373 et
1036 1329 1166 1374 numero

199 1424 290 1508 longe
318 1419 477 1506 pauciores
503 1419 706 1484 instituuntur
724 1430 770 1498 st,
799 1441 898 1507 quum
921 1419 1003 1486 baud
1024 1442 1166 1487 securae

199 1532 312 1619 reliqui
334 1532 525 1620 magistratus
547 1554 565 1598 a
592 1533 839 1619 procuratoribus
860 1532 1066 1611 nominentur,
1095 1533 1166 1599 uni·

199 1666 355 1711 sersomm
381 1666 452 1710 sane
476 1644 589 1710 cisium
617 1645 789 1724 delectum,
814 1645 935 1710 nonnisi
957 1644 1069 1730 triplici
1089 1665 1164 1710 con-

199 1759 288 1824 cione
305 1758 389 1822 velut
407 1758 616 1842 interjacente,
640 1758 752 1823 referre
770 1756 892 1830 dicendi
912 1767 993 1823 sunt
1037 1757 1077 1821 At
1094 1778 1163 1843 pro·

199 1882 352 1936 curatores
370 1891 432 1934 non
452 1870 552 1934 solum
575 1880 621 1935 ter
640 1868 705 1932 istis
724 1868 914 1934 antecellunt
929 1868 1129 1934 multitudine
1141 1868 1164 1947 ¹,

197 2004 303 2047 semm
328 1981 436 2059 etiam,
466 1982 583 2068 quippe
612 1980 799 2059 electorum,
823 2003 899 2068 quos
926 1982 1063 2045 omnium
1090 1982 1165 2045 votis

198 2093 294 2159 creari
311 2093 364 2178 jus
384 2103 449 2169 est,
473 2092 598 2158 calculis
615 2091 783 2177 designati,
806 2091 845 2155 ab
866 2090 958 2174 ipsius
978 2092 1084 2177 populi
1104 2094 1167 2156 sul-

196 2204 315 2292 fragiis,
338 2215 498 2291 tamquam
522 2203 607 2266 sonte
639 2223 694 2266 suo
720 2203 869 2288 genuino,
894 2203 1016 2287 propius
1041 2205 1166 2269 omnino

198 2327 390 2403 repetuntur.
413 2314 540 2382 Accedit
556 2313 651 2401 quod,
663 2314 735 2379 licet
751 2337 770 2379 a
786 2315 1020 2402 magistratuum
1036 2317 1166 2405 collegio

199 2429 339 2515 sejuncti,
358 2450 445 2493 suam
463 2426 559 2492 nihilo
583 2427 685 2492 minus
705 2427 919 2493 auctoritatem
938 2427 1019 2494 circa
1037 2429 1166 2515 quodvis

198 2543 301 2630 paullo
324 2541 447 2626 majoris
473 2540 622 2605 momenti
648 2538 817 2626 gerendum
843 2542 1004 2631 negotium
1028 2540 1164 2629 interpo-

197 2667 276 2722 nunt
292 2655 316 2733 ²,
338 2654 474 2740 ipsorum
500 2652 596 2740 igitur
624 2654 761 2718 muneris
789 2652 834 2717 sis
864 2663 958 2739 atque
983 2655 1060 2720 ratio
1075 2655 1108 2720 in
1129 2677 1166 2721 eo

197 2769 359 2857 praecipue
387 2778 543 2844 versatur,
570 2778 606 2832 ut
630 2769 865 2856 magistratuum
884 2770 1024 2853 potestati
1044 2769 1166 2835 salubre
1189 2844 1192 2850 ¹

197 2875 471 2968 temperamentum
484 2877 641 2964 objiciant,
650 2900 726 2943 nese
741 2878 853 2944 abillis
868 2878 1037 2965 quidquam
1053 2881 1166 2966 suscipi

196 2992 285 3059 focile
303 2993 406 3077 possit,
428 2991 511 3079 quod
530 2992 644 3058 civium
661 2992 784 3076 juribus
803 2991 1033 3078 commodisque
1053 3015 1166 3083 repug-

197 3117 261 3182 net,
283 3103 393 3170 horum
408 3105 542 3190 ipsorum
563 3106 689 3170 nomine
707 3103 936 3191 diligentissime
954 3106 1165 3193 prospiciatur.

241 3217 422 3305 Congregati
454 3218 550 3305 igitur
576 3217 765 3304 singularum
791 3219 1044 3285 communionum
1075 3221 1165 3301 socii,

198 3338 351 3417 quotquot
379 3330 520 3394 omnibus
543 3330 705 3395 Bavaricae
730 3329 857 3395 civitatis
878 3330 1000 3416 juribus
1024 3344 1164 3411 utuntur,

198 3443 276 3505 siros
293 3464 328 3506 ex
348 3464 403 3506 suo
420 3465 549 3529 corpore
568 3443 752 3529 praescripta
770 3444 968 3511 multitudine
986 3447 1165 3533 seligendos,

199 3557 277 3644 regii
311 3556 488 3623 mandatarii
523 3558 581 3623 sub
616 3557 774 3644 auspiciis,
813 3558 1024 3647 suffragiorum
1053 3560 1166 3626 latione

197 3669 381 3735 constituere
394 3671 555 3755 jubentur,
568 3673 680 3758 quibus
703 3671 913 3759 eligendorum
933 3654 1164 3758 procuratorum

197 3783 309 3849 deinde
329 3784 485 3850 incumbat
511 3785 657 3852 officinm.
698 3786 785 3867 Quae
800 3798 901 3850 nutem
929 3787 1045 3873 primae
1064 3789 1165 3854 classis

200 3896 289 3961 urbes
310 3897 462 3962 sociorum
482 3919 572 3983 snpra
591 3907 722 3983 quatuor
740 3898 837 3963 millia
856 3899 1040 3977 contineant,
1064 3901 1096 3965 in
1118 3899 1164 3967 bis

191 4051 375 4062 annu—tu·-

240 4128 323 4179 1ιωιι.
340 4133 366 4180 r.
385 4131 422 4191 ra,
441 4130 454 4196 q
475 4127 567 4192 ss,·1.
588 4130 610 4178 1.
712 4178 713 4182 ,
779 4129 788 4161 ²
807 4129 867 4181 rste.
885 4131 902 4178 ι.
922 4148 941 4178 s.
959 4131 994 4199 oq
1011 4130 1121 4183 st-sa.
