2738 4740
601 416 641 475 55

139 597 315 685 viribusque
351 597 520 674 destitutis,
555 607 589 660 ut
623 595 781 660 resistendi
809 595 974 661 audacibus
1011 618 1106 663 naro-

138 733 265 776 uuonrrs
283 711 414 777 consiliis
434 709 518 775 nulla
538 708 669 794 amplius
690 717 850 772 uterentur
867 709 1020 786 facultate,
1040 709 1106 774 sueri

136 846 208 889 saue
233 825 362 889 minime
384 823 494 909 potuit,
518 822 596 908 quiu
617 821 650 884 in
675 830 757 884 tanta
777 842 880 884 rerum
901 822 1038 887 omnium
1059 824 1107 888 in-

136 938 304 1004 constantia
331 948 424 1024 atque
441 935 688 1022 perturbatione,
714 955 814 1021 quum
843 945 1010 1014 eteorum,
1032 958 1107 1022 quas

136 1049 237 1115 firmas
265 1050 498 1134 incolumesque
527 1049 721 1112 saeculorum
745 1045 893 1111 decursus
914 1050 1109 1134 propaganis·

134 1174 180 1226 sot
207 1173 301 1248 atque
319 1161 435 1247 insigni
457 1159 625 1224 reverentia
645 1159 818 1245 complures
839 1158 983 1246 deinceps
1007 1182 1107 1246 geue-

136 1274 266 1338 ratioues
287 1282 465 1357 prosecutae
489 1273 637 1349 luissent,
659 1273 777 1337 multae
793 1271 878 1337 brevi
896 1280 1034 1358 tempore
1052 1283 1106 1338 aut

135 1386 261 1450 omnino
277 1386 468 1450 evanuissent
487 1397 540 1450 aut
559 1405 668 1450 norem
687 1385 778 1471 plane
797 1385 927 1450 formam
943 1383 1104 1450 hahitum-

135 1521 199 1586 que
229 1498 414 1563 induissent:
449 1499 520 1583 jura
557 1498 692 1585 ritusque
730 1497 848 1583 publici
882 1500 1104 1586 plerarumque

134 1609 309 1690 civitatum,
337 1619 402 1672 tum
429 1610 496 1686 alii,
520 1620 586 1674 tum
613 1608 669 1696 qui
690 1608 729 1675 ad
755 1609 899 1675 ordinum
918 1609 1105 1698 descriptio-

134 1744 222 1800 nem,
254 1721 411 1808 pririlegia
439 1723 717 1809 auctoritatemque
742 1722 947 1808 pertinerent,
979 1747 1103 1812 gravem

133 1837 224 1901 ctiam
242 1859 279 1902 ac
296 1858 418 1920 prorsus
433 1836 619 1923 singularem
635 1835 864 1901 conversionem
882 1838 1100 1924 experirentur.

130 1949 258 2016 Accedit
281 1949 364 2036 quod
388 1971 406 2014 a
429 1948 614 2036 pervulgatis
639 1949 706 2033 jam
734 1949 852 2014 dudum
872 1949 911 2015 de
935 1951 1025 2016 rebus
1045 1974 1101 2038 po·

130 2065 274 2150 pulorum
306 2061 516 2149 opinionibus,
539 2083 615 2148 quas
640 2061 750 2126 eximio
777 2064 925 2148 applausu
956 2064 1102 2150 permulti

130 2177 221 2240 etiam
241 2175 467 2240 Germanorum
491 2184 683 2260 exceperant,
703 2174 813 2239 Franci
834 2195 926 2253 rero,
946 2196 1100 2261 quascun-

130 2309 192 2373 que
223 2288 362 2375 regiones
383 2308 401 2351 a
424 2297 542 2351 mutata
563 2285 637 2351 inde
660 2287 741 2373 apud
763 2308 796 2351 se
819 2286 916 2352 forma
942 2287 1100 2375 regiminis

130 2410 336 2485 occupassent,
357 2400 392 2462 iu
413 2397 461 2462 his
480 2409 548 2462 tum
565 2398 684 2484 publici
699 2398 779 2484 juris
803 2399 1009 2465 constituendi
1031 2412 1099 2466 tum

128 2512 383 2578 administrandae
409 2511 537 2576 civitatis
563 2511 757 2577 reddiderant
776 2512 1031 2593 fundamentum,
1055 2516 1100 2580 sio

128 2625 300 2712 longissime
329 2625 512 2690 abhorrebat
544 2627 650 2713 rigens
682 2624 804 2704 adhuc,
828 2628 950 2694 noculo
974 2627 1096 2694 decimo

127 2759 208 2803 nono
231 2739 374 2816 ineunte,
403 2740 435 2803 in
463 2738 554 2804 rebus
579 2739 710 2824 publicis
732 2740 923 2807 Germanicis
953 2741 1096 2807 ordinum

126 2851 358 2935 provincialium
378 2850 563 2929 institutum,
579 2862 614 2915 ut
636 2863 808 2938 exspectare
827 2853 956 2918 minime
975 2854 1095 2936 liceret,

127 2986 365 3042 aauonnonrma,
382 2965 498 3051 quippe
516 2965 572 3052 qui
591 2965 797 3031 recentiorum
817 2967 902 3030 illam
920 2976 1095 3052 temporum

126 3077 275 3142 rationem
306 3077 387 3143 baud
416 3079 542 3165 quidem
576 3102 684 3164 puram
717 3079 931 3167 integramque
956 3079 1008 3144 sed
1034 3080 1096 3145 suis

125 3191 218 3256 unice
244 3191 348 3256 usibus
377 3192 636 3258 accommodatam
664 3204 695 3257 et
719 3193 801 3280 apud
828 3194 907 3258 cives
935 3192 999 3278 ipse
1024 3216 1094 3259 suos

124 3305 333 3371 vindicarisset
356 3316 387 3369 et
415 3305 580 3371 obtrudere
611 3306 736 3372 devictis
771 3330 788 3370 a
816 3329 880 3372 sese
917 3307 1093 3373 nationibus

123 3417 250 3494 soleret,
282 3418 409 3482 simulac
440 3418 613 3485 domesticis
644 3419 869 3484 Germanorum
901 3420 993 3485 rebus
1027 3442 1093 3486 sese

121 3531 351 3608 immiscuisset,
375 3553 436 3595 non
458 3531 535 3595 illud
566 3531 699 3597 studiose
726 3543 867 3597 acturum
898 3543 933 3596 ut
965 3531 1092 3610 cadem,

121 3655 274 3731 quantum
293 3643 358 3708 fieri
376 3656 486 3730 posset,
498 3645 578 3731 apud
595 3644 650 3710 hos
667 3646 758 3711 ctiam
778 3645 975 3731 reciperetur.
996 3646 1089 3729 Quod

121 3756 248 3843 quidem
277 3780 334 3822 nec
363 3779 425 3821 non
452 3769 640 3822 caeterarum
669 3758 777 3845 legum
800 3758 1092 3848 institutionumque

119 3871 334 3937 Francioarum
355 3869 386 3933 in
414 3870 613 3934 Germaniam
635 3869 815 3936 traducendi
835 3870 997 3937 consilium
1019 3872 1092 3937 dili-

121 3996 228 4068 genter
248 4006 318 4049 cum
335 3985 368 4047 in
388 3982 424 4046 iis
442 3983 616 4049 civitatibus
635 3984 812 4070 perfecisse,
832 4005 943 4071 quasa
963 4007 1027 4050 sose
1046 3986 1089 4050 el-

119 4097 263 4161 lormatos
287 4119 322 4161 ac
352 4095 613 4181 propinquis-suis
636 4095 801 4181 subjectas,
829 4097 997 4164 arctissimo
1018 4120 1090 4164 curu
