2738 4740
602 473 663 536 tos

202 655 231 717 Is.
252 651 410 719 Concessio
444 655 640 741 privilegiatis
674 654 802 718 urbibus
838 656 1030 740 peculiariter
1063 657 1117 720 tri·

155 763 291 842 bneuda‚
311 777 346 829 ut
369 767 484 852 legatos
504 769 537 830 in
559 766 690 833 diaetam
712 767 852 833 mittendi
867 769 938 853 jure
957 780 1094 835 utantur.

198 884 230 944 5.
253 881 453 966 Legumlatio.
482 881 674 946 Exsecutoria
691 891 820 965 potestas
832 898 929 966 penes
943 905 1046 969 regem
1060 893 1115 959 est,

153 1012 259 1057 rerum
276 992 458 1079 legislatoria
470 992 509 1057 ab
528 1014 565 1056 eo
585 993 775 1076 conjunctim
788 1015 860 1056 curn
879 994 1034 1058 ordinibus
1048 1015 1116 1078 pos-

78 1104 80 1108 ’
153 1102 277 1169 sidetnr.
302 1099 441 1183 Decreta,
459 1126 568 1190 queen
584 1115 737 1169 conventu
752 1105 877 1190 pnblieo
889 1103 969 1169 edita
982 1106 1117 1179 fuerunt,

152 1216 214 1280 sota
232 1215 262 1280 ri
282 1216 358 1301 legis
381 1226 454 1279 sunt
471 1216 630 1283 instructa.
649 1216 789 1282 Faciendi
810 1227 930 1295 autem,
952 1216 1117 1302 abrogandi

152 1338 247 1412 atque
272 1326 490 1410 interpretandi
511 1328 595 1414 leges
616 1339 744 1414 potestas
767 1330 805 1394 ad
827 1350 931 1416 regem
952 1339 1046 1414 atque
1066 1350 1119 1392 or-

153 1439 240 1502 dines
255 1438 444 1520 conjunctim
459 1438 590 1523 pertinet
609 1461 712 1527 neque
730 1440 795 1528 regi
816 1441 899 1518 licet,
917 1441 1116 1527 Hungariam,

153 1550 277 1634 proprio
296 1561 393 1615 marte
412 1551 535 1616 edendis
555 1552 685 1619 decretis
704 1553 907 1620 scribendisre
924 1553 963 1618 de
976 1554 1049 1638 jure
1065 1565 1119 1619 ant

153 1663 278 1747 pubiioo
292 1674 346 1727 ant
363 1663 444 1728 cirili
463 1666 604 1750 epistolis,
624 1666 805 1753 gubemnre.
831 1665 978 1748 Quinimo
998 1687 1050 1730 rex
1071 1665 1118 1729 di-

153 1776 234 1840 citur
253 1776 444 1853 solummodo
458 1778 512 1862 jus
529 1778 650 1844 vetandi
672 1781 755 1846 cirea
774 1780 879 1867 legum
898 1778 1049 1845 lationem
1063 1777 1117 1843 ha-

151 1888 233 1956 bere.
277 1891 313 1955 Ei
344 1914 416 1956 sero
437 1895 536 1958 omnis
562 1894 709 1980 competit
730 1894 770 1959 de
798 1892 922 1979 publica
947 1893 1119 1978 juventutis

149 2003 341 2069 institutione
358 2026 442 2071 eura.
1129 2080 1132 2088 Α

193 2123 225 2184 6.
246 2117 445 2181 Tributorum
463 2140 501 2182 ac
517 2118 720 2183 subsidiorum
736 2117 983 2202 pecuniarinmm
1005 2118 1118 2183 consti·

151 2231 237 2295 tutio.
264 2231 331 2293 Non
347 2230 390 2294 sas
410 2240 456 2294 est
476 2230 541 2316 regi
554 2240 608 2294 aut
620 2231 660 2294 ab
675 2229 831 2294 ordinibus
844 2240 898 2294 aut
911 2230 951 2294 ab
964 2229 1001 2292 iis
1013 2229 1117 2314 populi

150 2343 302 2418 clunibus,
323 2363 404 2427 qnae
432 2341 552 2406 tributis
573 2340 723 2406 solvendis
751 2341 898 2406 obnoxiae
925 2353 1118 2418 censeantur,
1220 2374 1223 2381 ·

149 2453 280 2518 subsidia
304 2464 419 2538 petere,
445 2452 508 2518 sire
532 2465 723 2519 numeratam
739 2455 903 2540 pecuniam
921 2454 984 2518 sire
1001 2453 1117 2518 telluris

149 2567 250 2653 fruges
269 2564 332 2630 sire
356 2567 593 2652 conscriptiones
616 2567 762 2645 miiitum,
781 2589 883 2654 neque
898 2566 971 2631 doni
992 2566 1117 2652 gratuiti

149 2680 238 2742 titulo
262 2700 365 2764 neque
397 2679 459 2742 alio
485 2700 683 2765 quocumque
706 2680 842 2756 nomine,
868 2679 928 2743 nisi
956 2680 1116 2764 impetrata

147 2790 263 2855 diaetae
282 2792 472 2855 auctoritate.
495 2793 604 2878 ltaque
622 2812 695 2857 cnm
711 2813 804 2876 penes
817 2813 922 2876 regern
931 2794 983 2875 jus
993 2793 1031 2854 sit
1042 2792 1114 2856 bebi

147 2903 278 2969 faciendi
291 2905 435 2988 pacisque
446 2903 795 2989 ineundae,popnliesse
809 2902 923 2967 dicitnr
936 2903 1117 2966 necessarias

148 3025 180 3079 et
196 3016 354 3098 imponere
365 3026 396 3079 et
411 3016 549 3101 redigere
563 3016 748 3080 tributorum
759 3014 930 3098 pensiones.
956 3014 1033 3078 Salis
1044 3036 1115 3077 vero

147 3127 291 3212 pretinm,
306 3128 365 3191 nisi
382 3127 503 3192 reniam
520 3127 618 3191 diaeta
637 3127 831 3202 concesserit,
841 3125 943 3202 extolli
959 3147 1020 3191 non
1032 3126 1115 3203 ticet,

149 3240 282 3323 exceptis
305 3239 444 3324 urgentis
463 3239 649 3305 necessitatis
667 3238 796 3304 casibus.

192 3353 271 3414 Sunt
299 3349 435 3436 deniquo
467 3350 581 3416 etatis
613 3351 730 3416 diaetae
756 3351 930 3416 auctoritati
959 3351 1114 3436 subjecta,

147 3463 278 3548 exempli
292 3462 387 3549 gratia
400 3463 568 3529 nominatio
578 3462 617 3528 ad
626 3463 706 3529 saria
716 3463 844 3530 civitatis
853 3485 992 3546 munera,
1006 3463 1114 3548 impri-

146 3578 205 3641 mis
215 3576 252 3642 ad
270 3575 471 3643 comitatuum
488 3577 679 3663 magistratus
695 3576 853 3665 gerendos,
865 3586 930 3641 turn
949 3576 1114 3662 stipendio-

147 3712 215 3755 rum
232 3688 381 3754 miiitibus
399 3688 479 3775 regis
496 3688 697 3774 praesidiariis
707 3688 941 3755 tribuendorum
952 3687 1112 3754 ordinatio.
1203 3779 1205 3782 Α

189 3794 324 3868 Tandem
340 3802 510 3867 notandum
531 3813 576 3867 est
596 3802 791 3869 interdictum
810 3803 976 3869 conventui
989 3803 1114 3889 publico

145 3917 250 3982 baberi
268 3917 528 4002 qnaiemcurnque
544 3914 584 3981 de
599 3914 799 3981 haereditario
828 3915 926 4004 gentis
938 3917 1113 3982 Austriacae

146 4028 178 4090 in
199 4029 361 4113 imperinm
374 4029 448 4113 jure
463 4029 566 4114 deque
582 4029 747 4095 nobilitatis
767 4052 784 4095 a
807 4027 975 4117 pandendis
996 4029 1115 4095 tributis

146 4140 339 4206 immunitate
359 4140 609 4227 disquisitionem.
960 4138 967 4152 '
