2738 4740
662 466 704 529 85

184 701 188 707 .
240 649 354 714 Omnes
372 649 508 735 capituli,
529 649 582 735 qui
601 648 769 713 etiamnum
785 646 895 713 adsunt
911 649 1078 716 restitutire
1091 652 1168 716 lue·

198 771 269 826 runt
286 782 345 826 neo
368 782 429 824 non
449 769 602 846 quotquot
618 758 813 847 dynastarum
830 781 867 823 ac
887 760 1035 824 nobilium
1053 760 1168 826 ordinis

196 873 358 961 participes
381 871 554 950 habentur,
571 883 639 936 tum
657 873 751 937 urbes⁴
767 893 894 958 quoque
911 895 983 951 eae,
998 895 1078 961 quae
1097 885 1169 939 ante

195 987 360 1053 alienatam
376 987 534 1073 regionem
552 984 663 1048 tabulis
681 984 809 1050 civitatis
825 984 1107 1073 (landesmatrilrel)
1119 987 1168 1051 in·

196 1101 326 1185 scriptae
343 1098 480 1175 luerunt,
492 1097 563 1181 jura
579 1119 645 1174 sua,
661 1096 745 1182 quod
763 1095 801 1162 ad
820 1096 964 1162 ordinum
981 1097 1165 1176 societatem,

156 1237 161 1248 ·
197 1232 382 1296 recuperare
407 1210 568 1294 jubentur.
618 1209 753 1275 Tabulae
781 1220 885 1275 autem
917 1210 1060 1276 ordinum
1085 1231 1168 1275 con-

197 1324 381 1408 scriptorum
406 1321 559 1408 gerendae
587 1322 820 1386 committuntur
838 1321 1015 1387 ttarescatto
1038 1320 1169 1408 regionis

198 1457 235 1499 ac
249 1433 369 1498 selectis
389 1433 463 1499 huic
481 1432 579 1497 officio
593 1433 767 1520 peragendo
789 1432 902 1497 ordinis
915 1433 1065 1498 nobilium
1082 1433 1171 1499 sociis

197 1545 369 1632 iisdemque
380 1546 434 1631 jus
449 1544 595 1610 tribuitur
608 1545 808 1632 proponendi,
823 1545 847 1609 si
860 1545 958 1632 quiin
971 1545 1039 1611 istas
1052 1547 1170 1612 tabulas

200 1656 350 1722 referendi
369 1655 546 1735 rideantur,
565 1677 645 1743 quae
665 1667 768 1721 tamma
784 1658 849 1742 ipsa
863 1657 895 1721 in
913 1657 1032 1722 tabulas
1051 1658 1167 1733 relatio,

200 1769 340 1834 ordinum
372 1781 512 1856 respectu
532 1771 763 1848 universorum,
795 1770 834 1834 ab
866 1770 1046 1836 auctoritate
1076 1771 1169 1836 uniec

199 1879 312 1968 pendet
330 1880 524 1968 Imperatoris
546 1882 573 1946 ¹.

240 1993 441 2059 constituitur
465 2015 566 2080 porro,
587 2005 622 2059 ut
649 2016 729 2083 quae
749 2005 847 2061 terrae
874 2004 962 2061 autes
984 1994 1168 2061 Trientensis

198 2127 234 2171 ac
255 2105 408 2172 brixensis
433 2105 586 2172 districtus
606 2109 733 2172 nomine
756 2108 927 2173 celebratae
947 2108 1084 2185 luemnt,
1105 2108 1168 2174 de-

200 2217 295 2302 binc,
315 2220 397 2285 eirca
418 2220 652 2306 descriptionem
683 2241 809 2308 quoque
836 2219 996 2299 ordinum,
1012 2233 1169 2309 tamquam

199 2342 298 2418 partes
338 2331 509 2398 habeantur
537 2333 695 2420 Tyrolicae
730 2333 920 2418 provinciae:
961 2346 1168 2421 quapropter,

201 2454 235 2507 ut
258 2444 290 2508 in
315 2443 350 2507 iis
375 2444 468 2509 etiam
492 2444 608 2532 singuli
632 2445 752 2511 ordines
786 2455 920 2533 quatuor
952 2447 1169 2527 admittantur,

199 2554 280 2621 baud
300 2580 387 2623 seem
407 2568 500 2644 atque
520 2558 553 2623 in
575 2558 699 2645 reliquis
727 2558 864 2644 partibus
898 2559 1029 2626 civitatis
1056 2560 1171 2648 fiatque

200 2692 305 2736 earum
326 2670 358 2735 in
378 2671 494 2735 tabulas
515 2670 640 2736 insertio
658 2672 719 2751 ita,
742 2683 776 2736 ut
795 2674 879 2758 paria
897 2672 969 2758 ipsis
995 2673 1171 2739 tribuantur

199 2805 236 2849 ac
264 2783 390 2848 caeteris
419 2784 555 2868 partibus
580 2785 652 2868 jura
671 2783 695 2849 ².
753 2785 851 2863 Tum,
883 2795 918 2849 ut
948 2786 981 2849 in
1010 2787 1168 2874 antiquam

201 2894 407 2959 conditionem
432 2894 700 2960 haereditariorum
717 2916 882 2960 muncrum
896 2918 1079 2981 possessores
1102 2898 1170 2961 red-

201 3005 402 3090 integrentur,
423 3006 614 3072 obserrundis
633 3007 678 3084 iis,
700 3029 780 3093 quae
801 3010 870 3094 lege
887 3019 917 3072 et
934 3006 1169 3087 consuetudine,

202 3117 284 3182 circa
301 3118 386 3182 illam
406 3141 471 3184 rem
490 3119 673 3207 praescripta
694 3129 766 3183 sunt
785 3118 808 3185 ³.
838 3120 1008 3204 Imperator
1025 3119 1083 3183 sibi
1104 3120 1170 3182 vin·

202 3228 283 3294 dicat
300 3230 476 3296 facultatem
490 3232 638 3298 Praefecti
651 3230 824 3319 prorineiae
836 3229 1167 3321 (Landeshauptmann)

201 3340 381 3406 nominandi
405 3342 429 3405 ⁴.

343 3516 381 3603 B)
407 3517 624 3586 decoronare
649 3521 800 3586 ordinum
822 3520 1027 3586 delectorum.

245 3681 417 3747 Concilium
451 3681 611 3766 publicum
647 3685 739 3747 totius
774 3683 901 3748 civitatis
934 3681 1033 3746 ricem
1062 3702 1170 3767 gerens

197 3798 312 3883 jusque
333 3794 449 3861 babens
475 3795 601 3860 nominc
621 3797 665 3860 rei
691 3796 831 3880 publicae
851 3794 890 3859 dc
911 3794 1051 3859 omnibus
1075 3814 1169 3880 nego·

238 4051 246 4084 ¹
263 4053 368 4101 Ordinat.
387 4053 438 4103 ead.
455 4056 505 4103 Art.
525 4051 548 4102 2.
721 4050 732 4082 ¹
750 4050 852 4099 Ordinat.
871 4049 922 4097 ead.
940 4052 988 4097 Art.
1006 4048 1031 4098 3.

238 4143 368 4196 'ordinat
385 4145 438 4195 eorl.
456 4150 503 4196 brt.
522 4149 546 4195 l.
722 4143 853 4192 tortian.
872 4143 922 4194 aad.
942 4147 990 4192 Art.
1010 4142 1036 4192 5.
