2738 4740
649 463 714 526 225

206 655 256 706 tur
278 646 304 708 ¹:
326 656 563 711 consentaneum
592 643 640 706 isti
671 644 805 709 varietati
837 655 915 720 erat,
944 656 978 708 ut
1008 667 1068 710 non
1095 667 1166 710 sane

205 768 383 821 cunctarum
405 755 530 820 nomine
551 754 675 818 urbium
694 754 787 841 legati
803 755 835 818 in
856 754 977 820 comitia
997 758 1100 822 venire
1117 779 1166 822 so·

204 869 310 944 lerent,
330 891 432 957 neque
451 878 553 931 tamen
571 866 755 952 quibusnam
780 888 853 953 prae
876 867 1001 931 caeteris
1017 869 1067 951 jus
1085 868 1166 934 istud

202 989 389 1064 competeret
416 988 498 1042 certa
519 977 681 1064 stabilique
708 979 777 1063 lege
801 976 989 1042 definiretur.
1034 978 1165 1045 Ordina-

201 1091 286 1155 tione
308 1089 401 1176 igitur
418 1089 490 1152 anni
521 1091 620 1168 1728,
642 1110 703 1176 qua
730 1091 828 1154 multa
849 1089 1042 1155 comitiorum
1065 1091 1165 1178 legem

201 1202 367 1288 spectantia
385 1201 557 1265 accuratius
577 1200 726 1286 descripta
745 1204 880 1279 fuerunt,
900 1202 1022 1266 urbium
1043 1222 1167 1289 qnoque

202 1312 323 1399 legendi
343 1333 505 1377 usurarum
524 1313 685 1399 privilegio
709 1312 886 1378 nominatim
908 1313 1076 1400 designatio
1094 1335 1166 1378 con·

202 1427 318 1489 tinetur
334 1424 357 1490 ².
394 1425 623 1510 lllunicipalinm
643 1437 745 1490 autem
767 1437 927 1491 senatuum
950 1438 1165 1512 corporatum

202 1537 268 1601 aliis
287 1537 390 1601 multis
414 1549 480 1602 turn
502 1538 575 1621 jure
604 1539 694 1602 etiam
718 1538 879 1623 cooptandi
902 1538 1061 1626 insignita,
1083 1539 1167 1605 omni

201 1647 370 1735 legatorum
389 1649 575 1714 urbanorum
590 1651 798 1738 iungebantur
817 1652 1032 1717 constitutione
1046 1650 1069 1718 ³.

155 1832 158 1839 ,
245 1761 335 1843 Quod
363 1783 435 1826 vero
463 1761 500 1826 ad
527 1772 629 1847 partes
652 1762 768 1840 attinet,
793 1783 874 1848 quae
901 1762 985 1829 bisce
1008 1761 1167 1828 ordinibus

194 1875 232 1938 in
253 1875 297 1938 rei
317 1874 459 1960 publicae
478 1874 738 1942 administratione
759 1876 910 1963 gerendae
926 1888 1034 1956 essent,
1053 1879 1086 1944 in
1104 1879 1163 1943 mi·

199 1986 324 2052 rabilem
340 1987 505 2052 admodum
521 1987 572 2054 bic
587 2000 762 2073 temporum
777 1989 939 2055 incidimus
947 1990 1164 2057 diversitatem.

198 2101 275 2164 Nam
296 2121 393 2186 quum
419 2122 436 2164 a
466 2100 567 2164 medio
594 2100 667 2163 inde
689 2100 812 2164 saeculo
832 2101 951 2165 decimo
976 2103 1097 2187 quinto,
1116 2124 1165 2166 eas
1254 2167 1260 2177 ,

198 2212 329 2276 maxime
349 2212 389 2273 ob
418 2231 539 2286 causas,
562 2231 638 2294 quas
657 2209 690 2273 in
709 2209 940 2276 Introductione
958 2213 1163 2296 exposuimus,

197 2321 283 2386 brevi
309 2332 445 2405 tempore
473 2318 510 2383 ad
526 2320 700 2384 ¹multorum
720 2319 848 2407 insignis
877 2320 1025 2387 momenti
1044 2321 1164 2406 jurium

199 2432 414 2496 exercitionem
428 2441 498 2496 nata
513 2430 631 2495 tributis
643 2430 816 2497 adhibendo
830 2434 1004 2499 consensul
1021 2434 1163 2501 ordinum

198 2544 362 2609 auctoritas
389 2564 542 2630 progressa
562 2544 685 2622 luisset,
705 2545 746 2610 ita
766 2556 801 2609 nt
827 2556 893 2611 tum
915 2547 1039 2634 proprio
1054 2560 1162 2633 marte,

199 2657 252 2721 ubi
277 2656 480 2722 necessarium
507 2655 585 2721 illud
610 2656 782 2736 videretur,
803 2659 1022 2746 congrediendi
1041 2659 1074 2742 ⁵5
1096 2672 1162 2726 tum

231 2849 240 2882 ¹
257 2852 405 2911 Ninnium,
419 2850 432 2915 d
448 2847 490 2910 18,
505 2857 557 2897 not.
572 2849 594 2905 l;
609 2852 697 2909 saissa,
711 2848 725 2913 §
741 2845 765 2909 8,
778 2865 802 2911 p.
822 2846 862 2896 19.
881 2850 914 2898 lle
928 2848 1038 2911 urbibus,
1053 2849 1164 2912 publico·

196 2959 248 2991 smn
269 2952 427 2991 conventuum
447 2941 516 2989 snnis
536 2940 668 2988 habitorum
686 2937 763 3003 1308,
787 2937 854 2988 1375
871 2950 895 2989 et
915 2939 982 2990 1386
999 2942 1161 3007 psatioipibns,

197 3033 312 3083 videndus
325 3043 360 3083 est
372 3048 391 3081 s.
405 3047 425 3081 o.
436 3046 568 3096 saussaius,
581 3034 686 3096 beits's'ge
700 3051 742 3082 sur
757 3033 876 3082 tienntnis
893 3032 935 3083 der
949 3034 1161 3085 mansuetan-

198 3126 369 3174 desserssnsrnl.
387 3125 411 3171 V.
426 3126 446 3185 l,
465 3126 505 3172 ll0.
522 3123 548 3173 l.

230 3219 405 3278 'Massiuam
423 3215 492 3283 020,
507 3227 549 3267 not
573 3218 594 3276 i,
613 3223 701 3280 sisto,
718 3216 787 3284 §12,
801 3236 823 3280 p.
838 3217 879 3267 33.
915 3219 1008 3281 oppidis
1023 3220 1159 3282 igitnroen·

197 3321 244 3359 tusi
268 3312 351 3373 viginti
371 3319 458 3373 septen
476 3311 622 3360 conitiorum
638 3311 755 3360 vindicata
770 3310 816 3358 luit
832 3312 931 3360 societas
946 3313 1091 3376 singulisque
1110 3312 1161 3361 sin·

195 3405 303 3467 gulosum
318 3405 446 3466 legatorum
462 3406 543 3452 aeliota
563 3405 702 3467 designatio,
725 3404 829 3467 exeeptis
842 3405 929 3468 lipsit,
949 3421 1019 3468 quana
1033 3415 1161 3469 quaternos

196 3514 223 3545 se
239 3496 337 3558 llresdt,
353 3515 422 3560 quam
438 3498 508 3545 binos
524 3498 595 3546 mosis
609 3507 659 3546 erst
677 3498 830 3546 constituere.
845 3498 871 3546 l.
885 3510 1026 3561 nuatum,
1044 3498 1103 3547 ibid.

230 3590 359 3653 Wsssss,
378 3591 462 3640 (lesen
481 3590 561 3640 Ssctrs.
582 3592 614 3653 11,
627 3610 650 3654 p.
669 3589 728 3653 176,
750 3593 770 3652 l,
789 3608 811 3654 p.
822 3588 890 3649 298,
906 3596 1026 3654 admisu,
1041 3591 1160 3644 Gouola.

194 3684 275 3735 Ssolts.
291 3686 311 3746 l,
328 3703 350 3747 p.
366 3681 427 3746 238,
444 3701 496 3747 sqq.
514 3691 601 3746 ιᾱιιυ,
613 3684 670 3732 ibid.

227 3775 239 3810 ⁸
255 3779 382 3838 Escsnons,
400 3778 428 3826 lt.
445 3777 470 3827 S.
488 3795 512 3825 u.
529 3779 559 3826 n.
576 3777 640 3824 (1.1.
653 3774 798 3842 statum
811 3774 909 3834 stl273
928 3784 1062 3842 mosmos,
1072 3779 1157 3830 (lasela.

118 3855 121 3860 ὅ
194 3870 218 3920 d,
235 3872 312 3934 llssps.
330 3871 355 3920 d.
373 3871 460 3920 Sttnde
476 3872 501 3918 in
519 3868 640 3920 llmbcbl.
659 3886 682 3931 p.
699 3865 761 3930 651,
774 3885 826 3931 sqq.
844 3870 1157 3932 assumamunsrsts.

194 3963 221 4011 Υ.
239 3965 259 4023 1,
276 3982 300 4027 p.
319 3962 378 4026 131,
396 3964 422 4013 t.
440 3964 472 4026 ΙΙ,
489 3981 513 4026 p.
532 3960 590 4019 lso;
609 3973 749 4024 nisusnass,
767 3963 781 4027 d
798 3959 840 4025 18,
857 3980 881 4026 p.
899 3961 942 4013 60.

229 4053 372 4108 ⁸llesersns
389 4057 468 4106 Ordin.
486 4073 508 4106 s.
527 4053 610 4113 14383
629 4067 761 4118 mussans,
778 4073 817 4119 op.
834 4071 856 4104 c.
870 4056 897 4105 t.
910 4058 945 4117 ll,
962 4058 1002 4108 ll⁰.
1014 4056 1043 4115 l;
1062 4073 1158 4121 masos,

195 4146 279 4196 Gescb.
296 4166 320 4198 s.
337 4149 417 4202 Ssolss.
437 4151 468 4212 11,
486 4168 510 4212 p.
528 4147 587 4198 303.

965 4247 1005 4312 15

1200 4328 1338 4462 Ι
