2738 4740
593 404 660 469 264

239 589 308 653 nale
332 585 500 663 directum,
523 585 607 673 quod
621 584 756 664 dicitur,
782 586 920 655 solvant
941 590 1083 657 thulmoe
1096 590 1139 657 tr‘r

238 702 342 787 ginta,
357 701 390 764 in
406 698 611 765 mediocribus
629 697 759 785 viginti,
780 699 819 763 in
844 702 960 786 psrris
983 702 1106 771 decem.

188 816 341 900 Respecto
356 824 458 879 tamen
476 834 594 889 eorum,
614 811 670 899 qni
688 810 766 899 eligi
786 815 935 898 possint,
954 828 1085 903 praeter
1098 839 1141 881 re·

143 926 253 1011 quisito
273 926 332 991 sul)
344 926 399 992 lli.
411 930 442 1004 2,
457 926 478 989 3
494 935 526 988 et
538 928 558 989 l
572 933 768 1001 enumerata,
789 924 939 1014 iusuper
951 931 1137 1017 postulator:

187 1046 268 1123 a)ut
293 1038 391 1103 tribus
423 1034 535 1102 abhinc
569 1036 655 1101 annis
681 1034 719 1101 ud
750 1036 927 1104 civitatem
970 1042 1138 1127 pertineant

232 1148 528 1238 (Staatsangehorige
553 1146 634 1232 sind)
658 1157 712 1212 aut
741 1168 865 1215 verum
890 1174 996 1219 suum
1017 1153 1137 1221 domid-

230 1264 306 1328 lium
327 1263 359 1327 in
380 1260 467 1338 urbe,
487 1283 550 1348 qua
568 1258 700 1347 eligendi
716 1257 790 1335 sint,
811 1258 1023 1345 habuerim

186 1374 217 1462 b)
227 1376 278 1462 jus
298 1377 330 1441 in
347 1376 403 1441 ista
423 1374 501 1439 urbe
520 1372 647 1439 civitatis
668 1371 751 1437 nacti
769 1372 921 1457 luerint3

186 1486 219 1576 c)
232 1498 401 1575 quatenus,
423 1498 581 1573 nmquam
607 1483 781 1569 opificiarii,
809 1484 913 1551 aedes
938 1488 975 1553 in
999 1510 1039 1555 ea
1066 1490 1135 1553 urle

229 1624 293 1668 non
320 1599 503 1687 possidentes
532 1600 789 1686 (unangesessene
811 1596 1132 1687 Gesserbtreibendel

229 1715 399 1801 eligantur,
422 1712 579 1798 opificium
605 1709 657 1775 cui
679 1707 886 1789 incumbant,
910 1734 973 1798 per
995 1724 1061 1781 tres
1071 1717 1130 1802 jam

229 1847 325 1891 annos
338 1826 540 1890 exercuerint.

185 1939 233 2003 Au
257 1935 357 2001 adsint
383 1936 529 2022 requisita
551 1937 609 2002 sul)
633 1940 748 2001 2013
771 1936 935 2022 exposita,
953 1962 1055 2026 penes
1079 1964 1128 2007 ur·

140 2052 235 2115 bunos
254 2048 458 2117 consiliatores
476 2050 666 2135 selectosque
682 2049 763 2114 circa
781 2068 830 2111 res
850 2050 996 2117 urbanas
1018 2053 1126 2119 estde·

142 2185 278 2230 eernere.
315 2163 352 2228 ln
372 2162 466 2225 trium
492 2182 642 2226 annorum
666 2158 762 2244 spatio
788 2162 1011 2246 computando
1041 2164 1125 2229 aedes

142 2274 267 2341 habenti
297 2276 486 2341 accensenda
510 2274 634 2359 insuper
664 2283 708 2337 est
727 2270 805 2337 alius
826 2273 974 2358 ejusdem
1005 2278 1124 2365 generis

141 2386 229 2452 iundi
243 2387 408 2471 possessio,
425 2408 527 2472 neque
539 2385 704 2472 requiritur
715 2384 981 2453 triumunnorum
990 2391 1123 2475 spatium

141 2500 174 2564 in
191 2498 237 2575 iis,
247 2499 301 2585 qui
317 2496 518 2564 haereditario
528 2500 652 2563 nomine
664 2508 717 2564 aut
731 2496 844 2563 fundos
854 2519 928 2564 suos
944 2504 1122 2588 acceperint

143 2621 196 2677 aut
216 2621 345 2675 tractare
361 2610 517 2696 opificium
535 2610 668 2700 aggressi
688 2611 748 2674 sint
761 2610 784 2675 ¹.

184 2723 258 2789 siin
272 2722 410 2790 districtu
421 2725 565 2791 electoris
580 2746 642 2790 non
655 2723 754 2790 adsint
764 2722 892 2809 triginta
901 2725 942 2789 ad
954 2728 1121 2793 minimum

142 2838 346 2903 immobilium
361 2837 497 2903 dominio
511 2848 641 2915 utentes,
660 2837 765 2903 censui
784 2836 975 2922 praescripto
994 2844 1035 2909 lt)
1046 2838 1118 2904 tlral.

144 2952 373 3029 satisfacientes,
391 2973 538 3016 numerus
554 2952 610 3015 iste
632 2948 821 3037 supplendus
835 2960 880 3015 est
895 2972 931 3015 ex
947 2952 988 3016 iis
1005 2972 1119 3037 posses·

143 3064 269 3140 suribus,
291 3063 347 3150 qui
370 3063 537 3149 plurimum
555 3063 663 3128 tributi
679 3061 861 3149 persolvant.
906 3064 943 3127 ln
961 3084 1026 3151 qua
1043 3086 1116 3151 sup·

144 3176 287 3261 pletione,
304 3176 328 3239 si
345 3176 448 3260 plures
466 3197 560 3262 qnam
575 3174 614 3239 ad
634 3173 832 3241 efficiendum
842 3175 1048 3263 trigenarium
1059 3199 1117 3243 no·

146 3308 265 3352 merum
288 3285 461 3371 requiratur
485 3285 689 3363 inveniuntur,
710 3285 861 3351 tributum
885 3290 953 3373 pari
978 3288 1061 3355 inter
1087 3312 1117 3353 se

146 3420 275 3464 numero
293 3422 310 3463 a
327 3400 356 3463 X
374 3397 498 3463 thaleris
518 3398 656 3485 proxime
670 3408 796 3477 remoto,
813 3398 995 3485 pendentes,
1012 3402 1116 3471 decer·

147 3532 220 3576 uere
241 3511 368 3596 quinam
386 3511 514 3577 istorum
534 3510 572 3577 ad
593 3510 818 3596 suppletionem
836 3511 1020 3581 admittendi
1038 3518 1115 3593 dut,

146 3623 218 3689 sorti
238 3620 420 3709 relinquitur
437 3622 462 3689 ².

191 3738 318 3801 Senatus
339 3735 448 3801 urbani
466 3736 570 3813 sociis,
589 3735 746 3821 judicibus
770 3736 802 3799 in
825 3736 977 3805 tribunali
1001 3741 1116 3806 urbano

148 3862 241 3936 atque
271 3847 389 3914 selectis
420 3847 500 3913 circo
526 3869 573 3913 res
601 3848 750 3926 urbunas,
780 3858 906 3935 propter
930 3852 1116 3921 urbanarum

185 4105 193 4139 ¹
211 4104 270 4153 ress.
288 4107 301 4171 q
317 4102 359 4153 ss.
629 4104 716 4154 turs.
734 4106 748 4173 q
765 4104 807 4155 er.
