2738 4740
614 438 676 501 138

207 619 343 686 Diximus
361 641 451 704 supra
471 619 518 707 (in
544 617 605 683 fine
621 618 640 702 ς
655 616 690 703 3)
712 615 881 705 unicuique
905 617 1004 697 electo
1028 618 1129 704 legsto

162 732 311 800 ricarium
331 729 562 816 adjungendum
587 753 661 798 esse.
702 730 768 795 Hoc
788 750 860 793 vero
878 728 1069 816 singularum
1089 729 1130 794 dc

163 843 319 911 ordinibus
335 843 442 929 legum
465 842 613 928 placitum
637 841 681 908 sic
703 839 876 906 emendarit
895 839 1044 904 ordinatio
1058 840 1131 904 Pos-

163 955 276 1022 niensis
286 953 317 1022 d.
335 957 374 1021 15
389 955 463 1021 Deo.
481 956 577 1038 18³0,
596 964 644 1032 ut,
659 973 722 1041 quo
736 951 935 1038 provinciales
946 963 1128 1029 conventus,

162 1078 313 1154 quantum
336 1065 403 1133 lieri
431 1068 553 1148 liceret,
581 1068 663 1154 justa
681 1090 801 1154 semper
819 1067 971 1133 sociorum
988 1066 1131 1130 multitu·

163 1181 236 1247 dine
244 1181 520 1269 frequentarentur,
530 1182 700 1269 unicuique
714 1183 815 1269 legsto
828 1181 916 1246 binos
929 1176 1131 1265 sublegendos

163 1291 290 1360 vicarios
312 1294 521 1376 constitueret,
539 1314 674 1381 quornm
692 1293 824 1379 priorem
844 1290 1053 1358 advocandum
1068 1310 1134 1354 csse

164 1427 256 1490 eum,
280 1407 336 1494 qui
357 1407 496 1493 pluribus
517 1408 623 1473 fnisset
650 1405 775 1473 calculis
801 1405 991 1492 designstm;
1025 1402 1134 1491 quodsi

165 1541 237 1586 vero
256 1519 445 1607 contigisset,
466 1531 501 1585 ut
519 1519 629 1607 aliquis
651 1519 784 1607 legatus,
801 1517 842 1584 ab
862 1517 940 1583 inito
961 1516 1033 1582 inde
1057 1537 1133 1583 con·

165 1641 260 1698 ventu
285 1630 324 1698 sd
348 1631 485 1717 proxime
508 1642 630 1697 secutae
653 1629 773 1695 dierum
803 1626 1001 1694 hebdomadis
1019 1626 1132 1702 finem,

166 1741 331 1829 quominus
362 1743 514 1808 consessui
539 1743 671 1822 adesset,
702 1741 930 1828 prohiberetur,
952 1739 1133 1806 advocatum

167 1852 313 1921 ricarium
336 1876 392 1940 per
418 1876 510 1921 omne
534 1855 692 1921 habendae
710 1856 864 1921 concionis
893 1867 1012 1940 tempus
1037 1851 1135 1918 socie-

168 1965 235 2033 tatis
262 1965 294 2031 in
318 1989 353 2032 ea
376 1966 555 2054 participem
575 1969 641 2036 iore
649 2015 660 2047 ,
688 1966 753 2052 ipso
779 1969 881 2056 legnto
900 1965 1008 2054 prioris
1029 1964 1133 2030 vicarii

166 2079 271 2146 locum
289 2091 477 2166 occupeturo
496 2080 520 2147 ¹.

209 2193 380 2280 Reliquum
395 2203 454 2271 est,
473 2204 509 2260 ut
524 2216 717 2278 moneamus,
737 2194 843 2260 eadem
857 2192 1047 2259 ordinatione
1059 2212 1135 2256 can·

167 2316 235 2372 tum
260 2305 366 2387 inisse,
396 2317 432 2372 nt
451 2306 543 2394 legati
565 2308 736 2396 equitatus,
762 2306 904 2384 urbium,
930 2303 1133 2381 rusticorum,

166 2436 225 2501 pro
254 2414 382 2502 singulis
417 2427 583 2483 conventus
621 2416 812 2504 provincialis
851 2415 978 2495 diebus,
1023 2414 1134 2497 trinos,

167 2525 309 2612 stipendii
327 2527 472 2610 nomine,
496 2527 627 2595 thaleros
645 2531 832 2616 acciperent3
856 2550 912 2617 pro
924 2528 1136 2616 singulisrero

167 2637 309 2708 veniendi
338 2660 375 2706 ac
396 2638 543 2707 rodeumi
562 2641 757 2721 milliaribus,
791 2653 949 2729 tamqnam
969 2640 1134 2715 viaticum,

167 2773 268 2823 unum
296 2750 445 2821 thderum
474 2776 512 2821 ao
541 2776 657 2843 grossas
677 2765 834 2843 argenteas
855 2752 964 2842 viginti
986 2752 1016 2834 ²3
1048 2774 1137 2839 prae·

168 2849 267 2944 terea,
305 2876 342 2932 ut
373 2864 499 2954 singulis
538 2868 688 2935 cinctoriis
722 2867 907 2934 districtibus
946 2865 1137 2953 singulisque

169 2979 324 3047 ordinibus
340 2979 549 3064 incumberet,
568 2984 746 3068 pensionem
767 2981 885 3069 legatis,
905 3001 982 3067 quos
1001 2978 1059 3066 ipsi
1081 2979 1136 3045 ds·

168 3093 380 3180 signorissent,
396 3094 638 3173 attribuendam,
656 3095 806 3175 conterre3
828 3094 974 3181 utigitur
998 3092 1031 3156 in
1054 3113 1136 3156 uno·

169 3225 293 3293 qnoque
312 3205 450 3272 districtu
480 3218 599 3272 sumtus
625 3208 781 3295 equitibus
804 3206 939 3284 terendi,
965 3206 1046 3270 inter
1069 3203 1135 3269 bn-

165 3316 254 3400 jusce
283 3316 396 3382 ordinis
421 3319 559 3404 praedio,
588 3320 628 3385 ad
661 3321 807 3386 rationem
836 3319 939 3383 tributi
976 3316 1136 3404 praedialis

56 3463 58 3466 ⁴
169 3428 375 3516 sivcrfinrce,
387 3429 652 3512 distribuerentur;
672 3433 762 3498 urbes
784 3443 888 3498 autem
910 3452 964 3516 per
978 3452 1010 3495 se
1022 3431 1135 3516 legatos

8 4230 138 4453 N.

170 3541 329 3629 eligentes,
361 3562 576 3631 quaecumque
605 3544 663 3608 sibi
690 3543 749 3610 hac
781 3544 910 3631 exlege
936 3542 1133 3629 obtigissent,

168 3652 297 3719 aliorum
316 3656 409 3720 instar
425 3656 656 3743 municipalium
670 3678 870 3743 expensorum
885 3664 1133 3741 compensarent;

170 3767 357 3851 conjunctim
380 3789 453 3833 vero
473 3768 525 3853 jus
555 3767 690 3859 eligendi
710 3780 884 3835 exercentes
905 3767 1055 3833 districtui
1079 3788 1136 3830 suo

203 4019 211 4055 ¹
229 4023 333 4073 Ordines
349 4027 417 4074 losa.
436 4025 469 4075 15
483 4029 537 4078 ileo.
557 4025 633 4091 1830,
654 4037 697 4078 nrt.
713 4029 761 4075 xl.

204 4114 215 4146 ¹
232 4115 286 4166 Eat.
303 4116 353 4165 ord.
370 4128 414 4166 art.
434 4121 493 4168 ΧΥΙ.
