2738 4740
681 427 742 490 ΙΙΙ

227 611 353 689 sublata,
366 610 523 677 decretum
536 611 649 693 luisset,
666 611 741 674 utin
753 605 1023 691 circulosaequali,
1037 617 1198 692 quantum

227 723 292 788 lieri
313 734 420 808 posset,
441 723 537 808 spatio
557 733 637 787 totus
656 742 730 807 ager
749 719 910 784 bavaricus
927 718 1158 803 dispesoeretur
1171 722 1196 795 ¹,

226 831 342 900 hancce
367 833 622 911 distributionem,
642 833 688 896 uti
708 833 837 898 aliarnur
858 852 973 908 rerum,
994 831 1039 895 sie
1066 832 1196 897 ratiorris

225 948 328 1025 etiam,
354 968 447 1034 quam
474 947 507 1011 in
536 944 698 1032 seligendis
722 943 917 1009 mandatariis
943 942 1051 1007 inituri
1075 957 1194 1022 esent,

224 1060 306 1123 velut
325 1059 560 1124 fundamentum
586 1058 803 1140 reddiderunt,
828 1055 973 1121 concione
1000 1077 1194 1146 uuoqmquo

222 1168 255 1233 in
278 1171 394 1237 circulo
418 1171 619 1246 instituenda,
652 1171 741 1255 cujus
763 1170 840 1233 soret
868 1169 958 1232 totius
978 1171 1022 1233 rei
1044 1170 1193 1254 publicae

222 1283 416 1348 comitiorum
430 1283 526 1348 socios
545 1283 714 1370 designare.
747 1282 886 1363 Quorum
905 1280 1105 1345 circularium
1115 1302 1192 1347 cun·

223 1405 368 1459 ventuum
406 1394 531 1482 quinam
567 1417 693 1481 quoque
725 1405 863 1478 tempore
894 1392 1056 1478 participes
1093 1393 1193 1459 futuri

220 1520 320 1573 essent
339 1509 393 1573 uni
421 1510 488 1595 regi
510 1509 652 1573 relictum
682 1518 726 1572 est
754 1508 951 1586 constituere3
981 1517 1013 1569 at
1030 1505 1190 1594 deligendi

219 1622 345 1686 facultas
374 1644 410 1685 er
440 1621 499 1684 illis
527 1631 644 1685 tanturn
670 1623 697 1685 ei
725 1620 869 1705 permissa
898 1619 1135 1707 quadringentis
1155 1621 1191 1686 in

219 1754 407 1819 unoquoque
429 1733 545 1798 circulo
570 1734 696 1811 civibus,
718 1734 773 1820 qui
795 1734 964 1820 plurimum
987 1733 1106 1810 tributi,
1129 1733 1190 1798 im·

218 1844 390 1922 mobilium,
411 1866 491 1932 quae
504 1855 654 1921 tenerent,
671 1847 804 1923 nomine,
815 1847 1019 1932 persolverent
1031 1856 1191 1932 atqueaut

151 2013 157 2021 .
218 1979 362 2045 agrorum
392 1967 491 2023 essent
519 1957 704 2044 possessione
732 1959 891 2044 conspicui
919 1968 972 2022 aut
995 1969 1190 2024 mercaturae

217 2070 432 2137 incumberent
447 2082 501 2137 aut
521 2072 555 2136 in
580 2093 683 2136 rerum
704 2069 838 2157 denique
861 2071 1059 2136 fabricatione
1078 2071 1190 2137 indus·

217 2184 306 2250 triam
327 2184 566 2262 collocavissent,
588 2205 605 2249 e
630 2184 743 2273 quibus
769 2184 864 2271 igitur
880 2195 1058 2262 conventus,
1083 2183 1189 2271 quoad

216 2296 363 2374 virerent,
380 2297 504 2361 totidem
524 2316 644 2382 semper
663 2296 747 2360 usuri
765 2307 852 2360 erant
868 2295 1021 2371 societate,
1032 2296 1189 2380 quetcir-

217 2406 290 2481 eulo
308 2406 363 2469 illo
390 2407 484 2471 millia
503 2409 732 2472 continerentur
758 2408 927 2473 incolarum
944 2407 967 2472 ².
1013 2407 1076 2488 Qui
1101 2409 1188 2473 velut

216 2517 356 2603 perpetui
376 2518 521 2582 electores
549 2541 567 2582 e
587 2518 713 2584 ducenis
733 2521 813 2595 illis,
836 2542 967 2606 quorum
986 2521 1020 2584 in
1041 2519 1189 2586 classibus

216 2627 308 2692 modo
326 2631 498 2693 memoratis
518 2631 665 2695 maximae
678 2632 758 2696 circa
774 2632 924 2718 praediale
939 2633 1067 2718 vectigal
1084 2645 1187 2718 partes

187 2744 196 2765 ⁸
215 2740 394 2820 habeantur,
416 2753 498 2808 serto
516 2763 642 2829 quoque
661 2767 752 2819 anno,
771 2757 910 2830 septenos
928 2747 961 2809 in
976 2745 1105 2833 singulis
1123 2750 1186 2813 cir-

216 2855 293 2920 culis
313 2855 454 2920 selecturi
469 2856 669 2921 mandatarius
684 2856 841 2940 dicuntur,
856 2859 967 2944 quibus
980 2859 1186 2945 congredien-

216 2965 307 3050 tibus,
330 2968 374 3033 sic
400 2968 532 3034 universi
553 2970 640 3056 regni
657 2970 799 3035 exoritura
819 2971 941 3035 comitia
958 2969 983 3034 ³.
1014 2971 1067 3034 ilis
1087 2974 1184 3044 semel

214 3078 252 3143 ad
273 3080 435 3145 minimum
455 3083 615 3168 quotannis
634 3082 673 3147 ad
695 3083 809 3170 regiam
825 3083 1073 3175 convocationem
1092 3084 1185 3150 cele-

214 3191 337 3256 brandis
352 3202 383 3256 et
399 3193 547 3277 auspicari
565 3216 657 3280 penes
672 3216 776 3280 regem
791 3207 855 3260 erat
869 3206 899 3259 et
914 3194 1006 3259 linem
1021 3195 1184 3281 imponere

214 3302 382 3389 eademque
399 3317 553 3389 praeterea
571 3317 602 3370 et
619 3327 789 3393 prorogare,
808 3307 832 3370 si
850 3307 893 3371 sic
908 3309 1004 3371 visum
1023 3307 1140 3385 suisset,
1151 3325 1183 3377 et

214 3414 374 3479 dissolvere
392 3415 419 3478 ei
437 3416 547 3481 licebat
560 3416 585 3484 ⁴.
616 3419 680 3483 Nec
700 3440 847 3503 quasnam
870 3429 970 3504 partes
993 3417 1025 3482 bi
1045 3418 1180 3508 delegati

213 3527 245 3592 in
267 3529 311 3592 rei
329 3527 471 3613 publicae
497 3528 755 3595 administratione
776 3530 889 3594 obituri
919 3541 1016 3596 essem
1035 3547 1181 3599 accurate

213 3637 372 3704 definitum
392 3640 450 3704 suit
463 3638 487 3718 ⁵,
506 3663 565 3707 nee
575 3640 697 3707 dicendi
709 3644 810 3729 ampla
822 3643 857 3706 iis
870 3664 1010 3708 concessa
1020 3643 1146 3710 libertas
1156 3648 1180 3712 ⁶.

220 3771 455 3780 ——-——

247 3822 333 3871 ¹lbid.
350 3824 363 3888 p
380 3825 405 3872 Ι.
770 3827 859 3877 ¹tbtt.
876 3829 903 3877 Τ.
920 3829 966 3890 ΙΙΙ,
983 3832 996 3896 p
1013 3832 1037 3878 l.

245 3913 333 3964 ⁸ibid.
349 3918 375 3965 T.
393 3917 432 3979 ΙΙ,
450 3917 485 3984 §q
502 3917 527 3980 l,
544 3919 569 3968 3.
768 3921 856 3972 ⁸1bid,
873 3924 899 3972 Τ.
918 3924 956 3984 ΙΙ,
973 3923 987 3989 §
1004 3925 1029 3972 l.

245 4005 332 4056 ⁸llrid.
349 4009 376 4056 t.
394 4009 432 4069 ΙΙ,
448 4009 463 4074 d
479 4009 504 4060 6.

143 4174 148 4183 .
244 4095 476 4165 ι1ΙΙΙΙ.Ἰ.ΙΙ,Ι7.
515 4104 635 4155 Caeterum
652 4108 739 4157 nultos
755 4106 814 4155 baec
831 4108 871 4156 les
888 4108 983 4171 publiea
1001 4119 1024 4158 et
1041 4109 1181 4166 laudatores
