2738 4740
577 426 637 490 136

135 599 344 665 Commissario
365 600 537 666 Conventus
561 596 981 687 (landtngs-Gnmmissarius)
1003 597 1098 662 desti-

136 723 224 777 natae
241 712 372 791 luerint,
395 713 427 775 in
449 710 574 789 mediis,
594 719 745 796 quantum
766 707 832 773 fieri
846 709 954 794 possit,
978 707 1098 773 distric-

136 824 215 887 tibus
245 824 337 901 sitae,
368 834 433 887 tum
463 823 501 888 nd
520 844 595 910 quas
619 824 678 886 iter
700 820 738 885 sit
766 821 1041 886 commodissimum
1067 833 1099 885 et

134 935 305 1021 inquibus
334 935 514 1023 eligentium
535 925 684 999 habendis
718 932 914 999 consentibus
937 933 998 998 loci
1026 934 1098 998 satis

135 1045 237 1112 idonei
256 1046 463 1132 reperiantur:
487 1044 630 1121 eaedem,
651 1044 752 1108 ultimi
774 1045 865 1109 etiam
885 1042 998 1109 ordinis
1012 1046 1098 1110 elec-

136 1169 236 1223 torum
263 1158 451 1224 celebrandis
473 1157 604 1224 comitiis
625 1157 770 1221 inservire
789 1155 901 1220 debent
921 1156 946 1218 ¹.

179 1273 216 1336 ln
240 1293 425 1358 unoquoque
450 1271 640 1358 singulorum
669 1279 734 1334 tum
767 1268 910 1332 ordinum
936 1279 1003 1333 tum
1026 1290 1101 1356 gra·

135 1383 232 1449 duum
255 1384 402 1450 electione
423 1383 579 1460 iacienda,
603 1381 719 1468 quoties
746 1402 800 1465 par
827 1402 974 1444 numerus
993 1380 1100 1446 suffra·

135 1497 255 1582 giorum
282 1495 406 1561 dirersis
431 1495 586 1560 sententiis
615 1492 777 1580 obtigerit,
800 1493 925 1557 maximi
947 1502 1021 1557 natu
1040 1493 1100 1558 cli-

134 1609 272 1695 gentium
295 1609 469 1695 prneralere
489 1609 635 1673 sententia
650 1608 779 1692 jubetur
798 1606 824 1670 ².

177 1720 339 1804 Subjectne
357 1740 461 1783 omnes
480 1730 552 1784 sunt
569 1721 731 1784 electiones
750 1718 937 1794 consiliarii,
956 1718 988 1782 in
1011 1717 1100 1802 cujus

133 1831 249 1897 circulo
281 1830 476 1914 lectitantur,
507 1831 689 1897 auctoritati.
730 1832 808 1912 llic,
842 1841 909 1895 tum
931 1832 1100 1896 electorum

133 1944 342 2022 districtuum,
363 1955 429 2008 turn
454 1946 622 2032 legatorum
651 1943 852 2030 designationi
881 1965 1015 2029 praeses,
1036 1942 1100 2007 sire

133 2057 199 2143 ipse
213 2058 278 2122 sire
290 2078 345 2143 per
357 2058 582 2123 constitutuma
597 2079 660 2122 sese
672 2058 832 2134 vicarium,
849 2056 951 2121 adesse
966 2067 1098 2121 tenetur.

133 2171 169 2236 ln
193 2171 320 2236 urbibus
349 2193 418 2235 vero
450 2182 543 2258 atque
570 2170 656 2258 pagis
687 2170 744 2255 ipsi
772 2169 972 2253 municipales
1001 2167 1098 2254 magi-

133 2295 241 2348 stratus
272 2285 434 2349 electiones
464 2284 679 2361 moderantur,
710 2282 761 2348 cui
790 2283 833 2345 rei
850 2293 1099 2360 ‚consentaneum

133 2406 177 2460 est
206 2395 288 2480 qnod
307 2396 338 2458 in
367 2396 435 2480 lege
462 2395 501 2459 de
519 2396 646 2459 Samnii
669 2406 793 2460 cautum
815 2394 1003 2470 invenimus,
1023 2415 1098 2458 con-

131 2505 249 2568 stitutos
277 2505 308 2567 in
337 2505 530 2569 comitatibus
556 2506 842 2592 Wernigerodensi‚
871 2506 1098 2592 Stolbergensi,

132 2616 304 2682 Rosslaensi
339 2617 530 2703 magistratus
560 2619 717 2683 universae
742 2619 775 2682 in
801 2617 835 2681 iis
867 2618 907 2681 rei
936 2617 1100 2682 electoriae

131 2727 393 2794 administratione
414 2726 502 2813 fungi
526 2729 623 2793 solere
643 2727 666 2793 ³.

176 2843 301 2907 Peracta
312 2839 461 2904 inlerioris
472 2838 582 2927 gradus
594 2842 762 2906 electorum
771 2843 825 2923 (W
825 2839 920 2927 dbler)
928 2839 1099 2926 designatio

36 2992 41 3005 ,
133 2975 206 3019 cum
237 2951 413 3017 Consiliario
441 2962 485 3016 est
512 2953 788 3032 communicanda,
810 2953 1000 3018 districtuum
1027 2973 1099 3015 sero

133 3067 319 3141 electorum,
349 3065 439 3130 sicuti
466 3064 555 3130 etiam
586 3064 810 3152 delegatorum,
839 3087 909 3129 cum
938 3065 1099 3129 Commiss-

133 3177 196 3241 ario
207 3176 390 3253 Conventus,
400 3175 594 3265 adjungenda
612 3199 736 3264 qnoque
756 3189 892 3263 tempore
906 3188 1098 3263 peractarum

134 3290 318 3354 electionum
349 3287 473 3373 publice
496 3288 574 3354 iacta
605 3290 767 3367 relatione,
800 3289 1100 3378 (lblablprotocolle).

133 3399 333 3468 Commissarii
357 3411 460 3465 autem
483 3411 527 3464 est
547 3403 702 3487 explorare
724 3413 829 3467 utrum
849 3402 985 3489 legitima
999 3401 1097 3466 forma

135 3515 360 3602 requisitacquc
381 3514 549 3598 legatorum
567 3514 764 3597 proprietates
785 3515 841 3578 rite
858 3495 973 3579 luerint
995 3514 1096 3578 obser·

123 3668 164 3679 ⁵—-
169 3669 325 3679 ...ω-..ῳ-

169 3758 176 3790 ¹
196 3759 252 3807 End·
275 3758 523 3809 ordino.trr.11t.

167 3851 244 3900 ’Lex
260 3852 289 3900 de
308 3851 392 3900 Brund.
417 3853 430 3916 6
451 3849 501 3916 26,
522 3851 551 3900 de
576 3853 671 3901 Bornos.
696 3851 711 3917 6
735 3850 782 3913 26,
800 3852 829 3900 dc
857 3853 946 3900 Pomer·
963 3853 976 3918 6
991 3850 1041 3914 25,
1067 3854 1097 3903 de

136 3943 211 3993 Ilien.
226 3961 261 4006 ps.
278 3946 292 4008 6
309 3942 357 4006 26,
375 3944 404 3991 de
420 3944 523 4009 westph.
540 3945 554 4011 6
570 3943 622 4009 26,
638 3945 667 3993 dc
686 3947 753 3994 Posn.
773 3947 787 4011 6
805 3944 854 4006 25,
870 3945 963 3994 deSax.
982 3943 1051 4011 626.

171 4035 246 4084 ³Lex
261 4036 289 4085 de
306 4038 390 4085 brand.
413 4035 492 4102 627,
514 4037 543 4086 de
559 4039 613 4088 Bor.
639 4039 652 4105 6
676 4037 724 4100 27,
741 4038 770 4087 de
787 4039 875 4087 Porner.
901 4040 914 4104 6
937 4036 987 4100 26,
1007 4037 1096 4088 dellls.
1151 4075 1153 4086 .

135 4145 169 4190 μ.
194 4129 206 4192 s
226 4126 268 4190 ar,
287 4127 316 4176 ne
332 4128 435 4191 wesin.
448 4110 464 4194 ‘p
482 4126 530 4190 or,
547 4129 576 4179 re
594 4131 663 4182 ron.
679 4131 693 4196 p
707 4128 757 4193 sc,
774 4130 803 4178 ne
819 4132 873 4180 su.
893 4128 961 4196 por.

4 4269 59 4448 t
