2738 4740
739 450 757 508 2

260 654 357 696 unum
376 632 488 696 civium
517 653 627 716 corpus
647 631 800 716 eptissimd
822 629 939 694 ratione
958 628 1150 707 efformaret,
1180 652 1241 697 nec

259 767 330 810 sane
347 766 512 810 commune
527 744 650 830 aliquod
670 743 878 809 intercedebat
888 743 924 806 iis
935 743 1106 820 vinculum,
1121 755 1242 829 praeter

260 857 335 933 hoo,
359 856 442 943 quod
459 856 530 921 fidei
548 854 750 942 obsequiique
768 854 938 940 praestandi
960 855 1149 942 obligatione
1166 879 1240 944 erga

260 970 404 1035 eumdem
428 990 532 1034 omnes
551 969 749 1045 tenebantur,
773 979 804 1033 at
823 968 906 1032 vario
930 969 1020 1053 plane
1044 968 1124 1033 illud
1148 971 1243 1034 modo

259 1094 352 1169 atque
365 1082 602 1149 conditionibus.
626 1083 759 1158 Verum,
774 1081 916 1146 nsaeculi
928 1081 1001 1146 inde
1016 1082 1128 1146 decimi
1138 1085 1243 1169 quarti

260 1207 415 1279 ternpore,
444 1194 586 1279 pluribus
609 1193 647 1258 de
668 1195 766 1257 causis
786 1193 931 1257 accidisse
954 1194 1105 1279 legimus,
1128 1206 1163 1259 ut
1183 1197 1241 1260 ali·

260 1329 322 1394 qua
344 1308 425 1371 inter
443 1330 493 1372 eos
516 1308 637 1373 ordines
655 1307 840 1372 consociatio
859 1307 1072 1371 institueretur
1091 1331 1128 1373 ac
1151 1311 1244 1395 paul·

259 1422 343 1486 latim
373 1443 429 1506 pro
459 1422 597 1505 ejusdem
627 1422 742 1507 patriae
773 1420 892 1485 civibus
923 1419 1036 1486 habere
1066 1422 1113 1484 itti
1145 1434 1244 1488 semet

259 1535 391 1600 invicem
414 1548 507 1622 atque
538 1537 639 1601 colere
660 1546 880 1600 assuescerent.
918 1534 989 1616 Quo
1012 1535 1149 1617 nomine,
1171 1557 1243 1600 mox

260 1649 297 1715 ad
323 1651 538 1714 communium
561 1651 754 1737 quorundam
784 1651 904 1735 jurium
931 1652 1147 1735 possessionem
1171 1673 1242 1736 per·

260 1762 377 1825 venisse
402 1783 453 1825 eos
473 1774 614 1847 apparet,
649 1783 729 1848 quae
750 1764 956 1828 communiter
976 1785 1134 1841 exercere,
1155 1785 1253 1852 com·¹

261 1872 348 1937 muni
371 1872 462 1937 etiam
482 1876 574 1959 operd
594 1874 758 1938 defendere
778 1897 829 1939 cos
850 1886 1018 1959 oporteret:
1043 1874 1119 1940 haec
1137 1887 1243 1941 autem

256 1984 391 2072 junctim
420 1986 564 2073 agitando
590 1986 688 2052 studia
716 1989 814 2074 iisque
835 1988 1062 2067 incumbendo,
1092 2011 1173 2076 quae
1197 2014 1243 2056 es·

260 2100 348 2185 sequi
381 2099 521 2164 omnium
551 2122 706 2188 peraeque
740 2102 915 2182 interesset,
937 2090 1071 2167 ¹arctant
1102 2124 1164 2168 noo
1185 2126 1245 2189 po-

262 2214 354 2277 tuisse
375 2236 438 2278 non
458 2214 641 2280 contrahere
662 2214 856 2292 societatem,
888 2215 976 2300 cujus
998 2226 1152 2302 quotquot
1173 2239 1245 2302 par-

262 2325 369 2410 ticipes
393 2328 490 2391 sactae
520 2327 583 2391 sint
609 2326 771 2392 hominum
793 2329 916 2404 classes,
950 2328 1091 2413 publicos
1112 2329 1245 2396 Ordines

263 2436 395 2523 regionis
415 2435 632 2525 (Landst'ainde)
657 2440 832 2525 nuncupari
851 2440 1002 2524 incepisse
1019 2442 1042 2506 ¹.

259 2568 424 2580 ..-.......-—-
437 2569 463 2575 ..-

298 2633 307 2670 1
327 2635 407 2683 Variae
429 2635 552 2684 admodum
577 2636 664 2685 eruditi
689 2637 734 2686 riri
756 2637 785 2685 de
802 2637 914 2687 Ordinuna
939 2641 1119 2703 provincialium
1142 2643 1167 2691 in
1187 2646 1245 2692 Ger·

263 2729 340 2775 mania
361 2728 492 2791 primordiis
517 2731 647 2777 tententiae
673 2731 839 2793 protulerunt,
866 2748 925 2793 quaa
949 2732 988 2780 tie
1005 2750 1127 2782 recensere
1146 2736 1243 2799 longum

262 2823 323 2871 ieret
334 2832 381 2871 eta
394 2832 474 2871 nostro
488 2833 624 2885 argumento
635 2808 748 2872 alienum.
774 2825 878 2873 Sufficiat
888 2825 1048 2888 indicatione,
1068 2828 1098 2874 ab
1110 2834 1154 2891 et,
1171 2846 1242 2892 quarn

260 2931 304 2964 noe
315 2916 481 2979 exposuimus,
498 2916 598 2977 ratione,
616 2928 777 2965 atonnonntoa
792 2917 891 2964 maxime
908 2921 983 2966 secuti
1000 2928 1136 2981 auctorem,
1155 2921 1244 2970 multoe

260 3012 294 3059 ita
312 3012 383 3075 longe
396 3010 515 3072 recedere,
535 3019 569 3071 ut,
592 3009 641 3057 aire
658 3009 761 3073 abipso,
781 3027 829 3073 qno
848 3012 976 3074 principum
992 3013 1016 3060 in
1028 3014 1244 3077 rariiaregioniirna

261 3121 312 3153 resa
324 3106 443 3169 explicere
458 3114 561 3167 potestas
571 3104 699 3165 coepisset,
717 3113 831 3166 tempore,
849 3104 953 3152 naturali
963 3120 990 3151 ao
1002 3122 1097 3167 prorsus
1108 3109 1244 3157 necessario

261 3197 361 3259 effectu,
376 3197 487 3247 ordinum
502 3213 597 3260 quoque
615 3196 764 3258 repetendam
774 3213 824 3243 esse
835 3198 998 3245 auctoritatem
1013 3199 1163 3258 existiment3
1179 3202 1243 3266 eive,

262 3289 359 3338 saeculo
376 3300 439 3338 certe
457 3287 517 3351 12⁰,
537 3290 644 3352 publicos
658 3292 707 3353 jam
726 3307 776 3337 erae
794 3290 889 3338 habitos
907 3301 1038 3340 conventus
1056 3293 1174 3357 doceant,
1193 3296 1243 3342 eive

261 3384 351 3431 deciano
370 3392 455 3447 quarto
471 3383 563 3431 demum
581 3383 653 3446 hujus
671 3385 775 3432 instituti
797 3385 909 3447 originem
927 3385 1079 3448 adtribuant,
1109 3389 1159 3436 aive
1177 3387 1245 3437 derai-

263 3493 309 3538 que
334 3483 400 3524 tantt
430 3476 574 3525 obscuritate
605 3491 654 3524 rem
688 3476 796 3524 laborare
821 3479 988 3540 pronuntient,
1016 3489 1056 3542 ut,
1082 3480 1159 3542 posito
1181 3481 1243 3529 intra

262 3573 384 3620 raeenlurn
406 3570 456 3619 ttm
476 3580 499 3617 et
520 3568 572 3618 17111
591 3571 701 3634 temporie
718 3572 809 3633 spatie,
828 3571 889 3620 nihil
905 3591 974 3634 porro
990 3574 1123 3621 accuratius
1140 3574 1245 3623 audeant

262 3665 418 3714 constituere.
453 3663 593 3711 Conserendi
620 3673 697 3711 autem
726 3673 780 3712 ruat
807 3664 836 3712 de
861 3664 906 3712 hac
930 3667 1068 3728 quaestione
1091 3666 1244 3730 grariaaimt,

263 3766 354 3822 praeter
372 3770 548 3817 erounonnrurr,
569 3758 586 3804 l.
604 3757 622 3805 1.
640 3757 665 3804 t.
685 3758 736 3820 111,
754 3759 766 3822 rjr
783 3754 834 3803 423
852 3767 875 3804 et
892 3762 1070 3823 narraturos,
1089 3761 1103 3807 t.
1123 3760 1131 3806 l
1160 3762 1183 3808 P.
1204 3763 1243 3822 11,

261 3854 316 3914 Cap.
343 3851 398 3898 Vll:
425 3862 544 3911 aratura,
574 3851 607 3897 Dc
632 3850 740 3898 Statuurn
759 3852 938 3912 provincialium
957 3853 1046 3916 origine
1068 3862 1092 3901 et
1109 3855 1242 3917 praecipui·

258 3945 362 4008 juribus,
379 3940 461 3996 17t0;
479 3956 567 4004 nosue,
579 3943 629 3992 Von
639 3944 681 3990 der
690 3942 858 3992 Reichratinde
869 3944 982 4007 Landen,
999 3943 1075 4006 1789,
1086 3963 1107 4008 p.
1119 3943 1179 4007 317,
1189 3962 1242 4007 sqq.

263 4043 361 4097 toran,
379 4036 483 4097 Beitr‘ige
501 4053 552 4083 euru
570 4036 646 4084 Staat·
664 4037 711 4084 und
722 4036 895 4098 Furatenrecht,
908 4036 1019 4098 1777,v.
1035 4040 1058 4095 t,
1069 4036 1149 4096 Ν·1.6;
1160 4042 1244 4086 nisan

264 4145 318 4193 tta,
329 4130 486 4180 Grundiinian
496 4131 561 4177 einer
571 4128 710 4178 Geaehichte
719 4130 760 4178 der
770 4128 903 4178 Deutechen
912 4130 1073 4197 Laudatiode,
1084 4130 1148 4194 apud
1157 4136 1242 4179 seutd-
