2738 4740
599 464 656 526 lll

152 646 287 735 singulae
309 646 537 733 respublicae,
563 644 815 732 obligationibus,
846 643 981 732 disrupto
1004 647 1108 734 igitur,

150 760 233 846 quod
256 782 292 825 ex
310 759 467 826 communi
489 757 547 823 bac
572 754 744 822 officiorum
762 757 962 841 praestatione
983 781 1031 824 eas
1045 779 1110 823 om-

148 894 202 936 nes
220 872 352 938 invicem
366 874 574 958 conjunxerat,
594 870 727 947 vinculo,
747 889 810 955 qno
827 870 925 954 major
941 870 1014 935 inde
1030 874 1110 938 Ger-

148 986 280 1051 maniam
292 985 461 1050 unirersam
474 984 664 1071 opprimebat
677 983 845 1061 infirmitas,
856 1005 893 1047 eo
902 1005 1108 1062 namurcum,

146 1098 333 1163 Francorum
356 1096 536 1182 Imperatori
560 1095 636 1159 vires
661 1106 691 1159 et
713 1095 838 1160 audacia
866 1096 962 1181 inque
989 1117 1111 1160 omnem

148 1231 212 1274 rem
227 1210 440 1275 Germanicam
463 1209 641 1273 insolentius
655 1208 812 1273 arbitrium
832 1209 995 1275 crescebat.
1017 1210 1110 1274 Nam·

146 1342 209 1406 que
225 1323 282 1384 iste
299 1320 405 1384 ditioni
426 1341 497 1384 suae
510 1319 576 1402 jam
592 1321 664 1383 alias
685 1320 853 1404 provincias
871 1320 1053 1404 subjecerat,
1071 1320 1109 1386 de

145 1433 273 1497 aliarum
294 1432 386 1495 rebus
412 1432 456 1496 sic
483 1431 578 1495 libere
596 1431 782 1515 decreverat,
805 1442 850 1508 ut,
871 1443 991 1517 praeter
1009 1433 1111 1511 illum,

145 1568 164 1610 a
187 1544 310 1608 nemine
328 1542 463 1629 pendere
482 1543 675 1622 riderentur,
702 1565 765 1630 quo
783 1556 886 1610 antem
909 1545 989 1609 inter
1006 1565 1110 1609 omnes

141 1657 245 1744 jurgia
283 1678 319 1721 ac
355 1654 517 1721 discordias
550 1655 691 1721 excitaret
721 1677 801 1743 aque
833 1657 989 1723 communi
1013 1658 1110 1722 salute

145 1768 333 1835 defendenda
344 1791 392 1834 eas
407 1768 595 1844 absterreret,
609 1768 731 1832 nullum
748 1769 932 1835 intentatum
945 1771 1109 1856 reliquerat

144 1883 315 1947 consilinm.
359 1883 425 1975 llos
446 1891 547 1945 tamen
568 1902 640 1946 cum
666 1881 816 1965 imprimis
837 1903 873 1945 eo
892 1895 1049 1968 spectaret,
1073 1892 1108 1947 ut

143 1994 308 2058 minoribus
325 1993 357 2059 in
375 2016 442 2059 suas
460 2003 559 2079 partes
579 1991 732 2058 trahendis
749 1992 933 2068 civitatibus,
956 1995 1107 2079 majorum

141 2106 179 2172 ad
205 2106 336 2171 nibilum
367 2127 489 2171 omnem
519 2105 670 2192 redigeret
694 2105 871 2182 efficaciam,
898 2107 1107 2190 compluribus

140 2217 322 2284 Germaniae
343 2218 546 2304 principibus,
566 2237 643 2303 qnos
666 2227 788 2303 propter
805 2217 968 2281 imminens
985 2217 1106 2303 pericu-

139 2332 206 2396 lum
223 2331 414 2417 propriarum
431 2352 533 2394 rerum
556 2329 646 2394 unice
666 2329 808 2415 tangebat
824 2327 969 2406 studium,
980 2350 1107 2414 persua-

141 2444 213 2509 dere
230 2445 319 2509 facile
337 2443 446 2529 potuit,
465 2454 510 2521 ut,
524 2443 628 2507 relicta
649 2453 750 2507 vetere
767 2464 839 2507 cunr
855 2442 979 2527 Imperii
998 2463 1106 2508 neces-

138 2555 282 2633 situdine,
296 2577 415 2634 noram,
432 2557 497 2642 ipso
506 2556 587 2622 duce
598 2567 692 2641 atque
700 2566 838 2640 patrono,
851 2556 1105 2622 consociationem

137 2669 342 2751 instituerent,
363 2689 443 2755 quae
469 2690 538 2732 cum
563 2666 758 2732 stabiliendae
781 2669 863 2753 pacis
882 2669 1035 2733 amicitiae
1053 2668 1105 2731 fir·

138 2782 266 2847 mendae
298 2783 463 2868 auxiliique
493 2792 601 2845 mutuo
632 2781 825 2865 impertiendi
852 2803 926 2866 prae
952 2803 985 2845 se
1009 2782 1103 2845 ferret

138 2894 315 2971 consilium,
354 2895 455 2979 specie
495 2892 621 2979 quidem
656 2893 907 2957 Germanicarum
944 2894 1104 2957 nationum

138 3006 304 3072 commodis
322 3006 479 3070 utilissima
502 3004 677 3086 ridebatur,
712 3025 817 3089 reapse
843 3003 881 3068 ad
909 3004 989 3068 illius
1008 3025 1103 3068 exau-

138 3117 269 3204 gendam
286 3128 472 3201 potestatem,
492 3118 578 3202 cujus
601 3128 667 3182 tom
686 3127 764 3180 nutu
783 3115 884 3181 omnia
906 3126 1101 3202 regerentur,

137 3230 230 3294 unice
253 3239 316 3293 erat
337 3230 511 3314 composita.
556 3231 660 3317 Atque
686 3228 769 3294 illius
793 3226 959 3294 Rhenanae
979 3227 1102 3293 conloc-

136 3341 310 3424 derationis,
326 3341 462 3420 civitatis,
472 3342 523 3406 cui
539 3353 687 3428 praeerat,
699 3340 910 3429 amplitudine,
921 3339 1102 3426 praecipuus

135 3455 169 3520 in
193 3454 357 3520 Germania
376 3454 473 3519 socius
493 3454 634 3540 princeps
655 3453 767 3519 exstitit
787 3451 966 3530 essuriret,
983 3450 1102 3538 insigne

135 3567 229 3634 decos
245 3588 345 3651 nuper
364 3587 400 3631 eo
417 3566 553 3653 adeptus,
576 3567 670 3654 quod,
690 3566 920 3654 Preaburgensis
938 3565 1021 3652 pacis
1041 3564 1101 3631 de-

135 3691 229 3758 creto,
255 3679 418 3766 antiquum
438 3680 583 3745 Electoris
610 3700 724 3744 nomen
749 3701 821 3744 cum
847 3676 996 3764 dignitate
1018 3677 1100 3766 regia

135 3791 413 3859 commutavisset².
432 3792 489 3858 llic
503 3793 583 3857 bene
599 3789 794 3856 merendi'de
807 3789 926 3856 civibus
939 3787 1100 3868 studiosus,

169 3953 247 4003 ¹Aot.
270 3953 380 4003 conlod.
407 3952 514 4002 libem.
539 3950 563 3999 a.
587 3948 620 3998 12
644 3951 705 4000 tulii
721 3947 803 4013 1806,
827 3965 933 4014 prooem.
958 3959 982 4001 et
1006 3955 1056 4000 brt.
1075 3949 1099 4008 l;

133 4045 257 4095 constitet.
278 4046 290 4094 l
308 4046 365 4110 traji
383 4043 458 4107 1808,
472 4046 518 4094 lit.
536 4045 556 4106 1,
575 4044 589 4110 p
607 4042 630 4093 l.

168 4137 286 4187 'Deerat
305 4137 370 4186 Psoi·
388 4138 511 4200 Presburg.
530 4134 563 4186 24
581 4137 636 4186 lleo.
656 4135 733 4203 1805,
750 4141 798 4187 brt.
818 4136 842 4187 7.
