2738 4740
595 418 656 484 let

145 604 228 672 bisne
250 566 323 692 ergo
343 602 556 690 designarunt:
588 598 618 687 1)
636 600 802 665 fundorum
826 598 942 665 domiui
969 599 1111 678 nobiles,

144 731 263 806 partem
295 728 447 794 octavam,
477 716 509 781 id
535 727 579 781 est
600 713 850 803 quatuordecim
882 711 915 800 2)
940 712 1113 800 pontificii,

145 832 282 897 similiter
297 828 539 917 quatuordecim,
557 848 689 914 quorum
704 848 825 903 norem,
844 824 1001 903 Catholici,
1013 827 1113 912 quin·

146 965 208 1031 qua
227 943 372 1028 reliquos,
391 943 611 1021 Protestantes3
632 937 665 1026 3)
686 939 776 1004 urbes
795 940 928 1024 pegique
944 939 1018 1022 jure
1041 937 1114 1002 mit·

146 1054 229 1121 tendi
255 1055 370 1142 legatos
400 1062 535 1129 utentes,
557 1056 674 1137 purtem
696 1061 853 1137 quartam,
875 1049 908 1114 id
935 1060 979 1114 est
1001 1049 1114 1137 viginti

147 1179 177 1232 et
200 1178 288 1251 ooto;
313 1161 346 1251 4)
370 1164 563 1250 praediorum
584 1163 701 1229 domini
723 1164 788 1228 eina
798 1162 1113 1248 jurisdictione-par-

146 1290 209 1345 tem
227 1277 404 1356 diunidbm,
427 1277 459 1343 id
482 1287 526 1342 est
542 1275 768 1364 quinquaginta
783 1296 846 1341 sex.
883 1277 956 1341 Tres
974 1274 1113 1364 denique

145 1393 185 1458 ab
204 1389 367 1458 academiis
389 1389 545 1456 constituti
566 1389 693 1454 fuerunt
710 1388 734 1454 ¹.

190 1505 347 1587 Quaenam
370 1513 474 1568 autam
499 1501 641 1567 ordinum
671 1501 836 1567 couventui
869 1501 938 1587 iege
964 1500 1113 1566 Bararica

141 1618 213 1704 jura
233 1615 426 1702 honoresque
445 1627 629 1700 competant,
645 1635 743 1701 quum
759 1625 897 1679 nostrum
914 1635 977 1679 nou
991 1613 1031 1677 sit
1040 1613 1113 1679 data

147 1729 240 1815 operi
270 1749 439 1814 exponere,
463 1726 560 1792 hocce
583 1728 616 1791 in
637 1736 854 1813 argumentum
877 1726 1034 1812 inquirere
1057 1749 1114 1792 cu·

146 1842 263 1927 pientes
275 1839 314 1904 ad
335 1840 421 1907 VIl¹¹²
438 1838 811 1904 Constitutionis'i'itulum
833 1838 1027 1914 remittimus,
1047 1858 1114 1925 qno

146 1952 262 2018 scilicet
299 1952 342 2016 sic
383 1962 525 2016 accurrate
562 1949 692 2015 describi
718 1952 893 2016 universum
921 1951 1114 2018 deliberandi

146 2066 320 2154 agendique
338 2065 487 2130 ambitum
502 2065 590 2152 regui
610 2063 765 2128 ordinibus
783 2066 971 2150 propositum
990 2065 1113 2130 iuveni-

146 2202 230 2257 mus,
250 2189 284 2244 ut
307 2179 505 2264 praemissum
528 2176 601 2242 huic
621 2177 841 2242 enumerationi
863 2175 1007 2261 placitum
1026 2177 1113 2265 lega-

147 2304 215 2369 tur,
237 2290 277 2356 de
297 2292 390 2357 nullis
413 2291 479 2356 nliis
507 2291 597 2355 rebus
619 2288 780 2354 deliberari
800 2289 840 2354 ab
863 2299 992 2376 utroquo
1019 2302 1114 2355 coetu

146 2403 190 2468 ias
217 2425 299 2480 esse,
324 2426 360 2469 ec
390 2424 469 2490 quae
495 2401 553 2468 boe
576 2405 641 2488 ipsa
668 2402 811 2488 deinceps
833 2402 1066 2468 continerentur
1085 2405 1112 2470 ².

145 2515 291 2578 Notamus
314 2525 434 2590 tamen,
460 2514 529 2601 lege
553 2514 676 2600 publica
696 2514 812 2591 careri,
833 2536 872 2578 ne
889 2514 1011 2580 iliarum
1035 2538 1114 2602 par-

147 2625 234 2703 tium,
246 2646 326 2713 quaa
340 2626 545 2691 communiter
559 2625 725 2712 expiandae
738 2628 874 2692 coetibus
887 2628 1113 2710 conceduntur,

145 2739 186 2805 ab
204 2740 352 2805 alterutro
380 2749 499 2804 tautum
529 2761 636 2805 eorum
663 2739 826 2806 efficaciter
846 2741 926 2807 ullae
956 2763 1112 2828 peragan-

147 2864 197 2918 tur
208 2851 233 2937 3,
254 2874 330 2918 nere
354 2852 459 2939 igitur,
478 2852 536 2917 nisi
561 2873 641 2940 quae
659 2851 697 2917 ad
713 2852 817 2918 ambos
832 2854 998 2939 pertineat,
1015 2854 1113 2920 uliam

146 2964 212 3029 fieri
244 2974 299 3028 aut
329 2964 577 3030 convocationem
605 2975 659 3031 aut
691 2965 929 3052 suspicationem
962 2966 1113 3032 dimissio-

146 3097 255 3142 nemre
275 3076 366 3141 liceat
382 3076 405 3142 ⁴.
447 3077 616 3160 Praetores,
636 3077 725 3143 sicuti
742 3077 953 3166 inaugurando
973 3079 1115 3148 consilia-

146 3199 246 3254 torum
275 3188 394 3267 coetui,
415 3198 449 3253 ut
474 3189 705 3256 dimidiacerte
722 3212 827 3256 eorum
847 3214 915 3278 pers
935 3191 1113 3275 advenerit,

146 3300 262 3389 requiri
282 3300 317 3380 ⁵,
347 3300 390 3367 ita
424 3301 634 3391 delegatorum
662 3302 798 3370 inchoari
828 3326 1022 3384 consessum,
1051 3308 1115 3373 nisi

146 3415 353 3502 praesentibus
370 3413 480 3481 borum
495 3417 614 3484 duabus
632 3416 746 3495 tertiis,
768 3439 830 3484 non
849 3418 961 3485 debere
982 3421 1005 3486 ⁶.
1037 3422 1114 3488 Gae-

186 3627 300 3678 ¹*Deoret.
316 3628 407 3691 region
419 3627 444 3676 d.
458 3626 492 3677 ³0
508 3629 568 3678 Nor.
584 3625 660 3690 1818,
675 3629 792 3678 electoriis
809 3631 962 3680 concionibus
977 3646 1117 3683 convocan-

147 3720 194 3769 dis.
212 3721 246 3770 ct.
260 3733 349 3781 narso,
365 3733 499 3770 nomam
516 3731 539 3770 at
554 3735 656 3785 aarum,
671 3721 800 3773 &licutino
818 3723 860 3772 der
878 3725 1047 3775 constitutions
1064 3736 1116 3779 eto.

143 3813 209 3862 Toni.
228 3814 262 3876 11,
278 3831 302 3877 p.
319 3809 379 3864 250.

179 3906 189 3938 ²
206 3907 305 3957 comtit.
322 3904 399 3970 1818,
416 3910 443 3957 Τ.
461 3907 512 3970 111,
528 3908 541 3974 q
556 3908 579 3957 1.
732 3909 742 3941 ³
760 3909 820 3958 ibid.
834 3910 861 3958 T.
880 3910 919 3973 tt,
933 3910 947 3976 §
960 3909 1001 3960 19.

180 3997 191 4032 ⁸
208 4000 268 4048 teis.
286 4001 305 4049 1.
316 4000 363 4067 o.§
380 3998 421 4050 16.
727 4000 736 4033 ⁸
754 4002 813 4050 ibid.
831 4004 850 4051 1.
868 4019 888 4050 e.
905 4000 958 4070 §b

178 4091 190 4124 ⁸
207 4094 266 4143 ibid.
281 4096 300 4143 t.
317 4112 337 4142 c.
355 4092 369 4160 §
383 4093 424 4144 15.
