2738 4740
685 407 724 469 97

225 585 364 652 omnibus
379 585 554 674 quorumvis
569 587 710 652 classium
730 586 915 667 bominibus,
932 612 973 657 ue
992 592 1114 680 negotia
1132 591 1191 658 illis
1280 654 1287 667 ,

223 701 368 767 lacessant
392 701 549 788 privilegia
566 700 619 767 illa
641 701 869 779 exercentibus,
889 724 947 769 uec
965 705 1046 793 regis
1065 707 1190 772 nomine

223 834 324 901 neque
349 814 479 900 alicujus
511 837 549 879 ex
578 814 784 900 optimatibus.
834 816 913 880 Tum
937 818 1135 883 coustitutum
1153 830 1190 885 ut

221 925 325 991 rustici
349 928 411 991 sire
433 928 515 991 iutra
533 927 623 991 urbes
644 925 828 992 mercatibus
847 927 1052 1014 frequentatas
1074 930 1187 997 sivein

220 1039 311 1126 regiis
327 1037 476 1103 domaniis
498 1038 654 1125 degentes,
678 1037 785 1103 iisdem
804 1038 971 1104 commodis
989 1050 1116 1106 utantur
1132 1065 1186 1108 ne·

219 1170 282 1237 que
308 1151 348 1216 ab
373 1150 556 1215 administris
577 1150 667 1237 regiis
692 1173 751 1217 nec
773 1149 924 1216 nobilium
951 1149 1125 1217 bominibus
1153 1155 1186 1220 iu

217 1261 278 1326 illis
302 1261 506 1347 percipiendis
537 1262 599 1327 ulla
620 1273 705 1347 parte
722 1263 939 1348 impediantur.
983 1265 1131 1351 lumper,
1151 1278 1186 1332 ut

217 1373 327 1458 privati
358 1375 458 1438 cultus
492 1384 584 1460 atque
613 1374 731 1458 publici
756 1375 854 1440 omnis
880 1375 1002 1462 penitus
1030 1375 1185 1443 distinctio

217 1484 343 1549 tollatur
364 1484 527 1572 omniaque
543 1485 668 1572 publice
688 1508 771 1552 sacra
789 1498 992 1574 peragantur;
1015 1489 1185 1556 Protestan·

217 1595 299 1661 tibus
324 1608 427 1662 autem
455 1608 520 1662 tum
548 1598 739 1664 sacerdotum
762 1621 886 1665 suorum
906 1599 1182 1688 designandorum,

215 1716 282 1772 tum
302 1730 456 1774 sacramm
474 1709 597 1774 aedium
614 1710 677 1775 sire
693 1711 828 1776 turribus
844 1722 1021 1777 ornatarum
1042 1713 1104 1777 sire
1121 1714 1182 1778 mi·

213 1840 272 1884 nus
288 1819 344 1885 sibi
357 1820 647 1887 exaedificandarum
659 1822 923 1911 collapsammque
934 1824 1178 1903 reficiendarum,

212 1944 278 1998 tum
304 1933 438 2022 denique
459 1935 717 2022 presbyteriorum
738 1935 975 2024 scholarumque
1000 1938 1049 2002 vel
1073 1939 1111 2002 iis
1132 1939 1178 2004 lo·

212 2049 274 2124 cis,
298 2046 411 2134 quibua
434 2047 486 2113 illa
518 2058 607 2113 antea
633 2068 696 2112 non
718 2046 888 2125 adfuerint,
913 2050 1176 2130 exstruendorum,

210 2161 325 2248 absque
350 2160 412 2223 ulla
438 2158 542 2223 veniae
560 2158 753 2244 peculiariter
772 2159 980 2244 impetrandae
999 2162 1177 2228 necessitate

208 2272 382 2358 plenissima
402 2271 523 2336 libertas
544 2271 712 2350 tribuatur,
729 2270 892 2357 simileque
904 2271 957 2356 jus
970 2272 1120 2358 pertineat
1136 2275 1176 2340 ad
1203 2301 1204 2304 ¹

209 2385 326 2449 nobiles
351 2394 444 2471 atque
473 2384 611 2471 dynastas
634 2383 712 2461 illos,
733 2384 787 2471 qui
817 2405 973 2450 sacrorum
999 2384 1087 2451 istam
1112 2388 1185 2471 lou,

207 2499 322 2563 mulam
351 2497 481 2583 amplexi
515 2498 646 2579 lueriut3
682 2498 843 2584 utriusque
874 2521 947 2564 vero
980 2500 1174 2566 confessionis

206 2610 409 2676 Protestantea
441 2611 472 2674 in
504 2609 730 2697 quaestionibus
757 2610 937 2698 religionem
965 2612 1171 2697 spectantibus

205 2723 274 2786 solis
298 2724 342 2788 rei
361 2722 417 2787 sibi
431 2745 534 2789 sacrae
553 2723 712 2789 obeundae
725 2723 883 2808 praelectis
900 2724 1021 2788 obnoxii
1040 2723 1172 2791 babean-

205 2844 265 2902 tur.
294 2836 445 2922 Denique,
469 2858 509 2900 ne
528 2836 664 2923 rigentes
685 2834 785 2901 adhuc
803 2835 842 2900 de
862 2837 949 2900 cultu
965 2835 1067 2900 divino
1087 2837 1169 2924 leges

203 2966 305 3032 neque
330 2969 400 3023 eas,
434 2969 514 3033 quae
546 2946 606 3013 hoc
632 2949 696 3033 ipso
722 2958 858 3034 tempore
884 2946 1024 3011 conditae
1051 2959 1169 3025 essent,

203 3058 252 3120 vel
280 3056 428 3122 levissima
451 3058 498 3120 sui
522 3068 608 3142 parte
630 3057 744 3121 mutari
763 3079 819 3142 per
846 3056 968 3123 decreta
987 3058 1068 3145 regia
1090 3059 1169 3125 lice-

203 3179 265 3244 ret3
284 3169 486 3234 Protestantes
508 3180 611 3235 autem
635 3180 671 3234 ut
695 3190 757 3234 uon
778 3179 897 3235 tantum
926 3170 959 3236 in
989 3170 1169 3237 consistoriis

202 3279 421 3369 congrediendi
460 3302 566 3345 aerum
590 3292 620 3346 et
644 3280 773 3369 synodos
799 3281 987 3348 convocandi
1007 3293 1167 3350 uterentur

200 3403 363 3480 potestate,
386 3390 551 3456 dummodo
570 3414 621 3458 rer
642 3394 745 3459 locum
765 3390 923 3460 habendae
943 3394 1098 3461 concionis
1114 3397 1167 3463 iu-

199 3506 356 3572 dicavisset
375 3527 412 3570 ac
435 3503 546 3570 certior
568 3506 665 3572 factm
684 3517 760 3572 esset
780 3516 842 3572 tam
858 3505 898 3572 de
913 3528 1043 3573 numero
1067 3509 1165 3576 socio-

198 3643 267 3686 rum
286 3628 544 3685 conaenturomm
561 3640 654 3707 quam
671 3618 710 3684 de
728 3619 828 3700 rebus,
840 3619 1066 3708 quaeipsorum
1081 3644 1164 3689 oon-

197 3734 352 3800 sultationi
370 3733 604 3818 subjicerentur.

240 3845 498 3912 cancellariorum
518 3844 704 3922 concilium,
727 3843 812 3932 quod
834 3853 954 3930 praeest
976 3843 1009 3909 in
1030 3845 1159 3932 scriptu·
1232 3850 1237 3859 ‘

197 3981 263 4025 ram
286 3957 458 4046 redigendis
480 3969 545 4025 tum
571 3957 651 4046 regis
675 3956 803 4024 decretis
830 3968 897 4022 tum
917 3955 1035 4025 diaetae
1053 3980 1160 4047 supre-

196 4094 346 4159 mumque
358 4073 391 4137 in
406 4071 560 4159 llungaria
576 4071 740 4159 collegium
760 4068 900 4151 habetur,
917 4069 1023 4139 decem
1035 4073 1093 4140 sibi
1107 4073 1162 4141 atl-

1011 4192 1030 4250 7
1144 4208 1147 4216 ,
