2738 4740
779 456 822 518 80

311 640 433 706 arbitrio
450 638 630 724 designatos,
651 637 812 722 regionum
831 646 932 699 umen
950 631 1158 716 classiumque
1175 629 1279 717 singu·

310 752 408 815 larum
425 751 503 814 vices
520 759 652 828 acturos,
671 749 849 813 Berolinum
868 745 1028 812 convocari
1041 743 1160 830 placuit
1178 744 1201 809 ¹.
1221 739 1281 806 Sed

311 887 348 928 ex
359 862 468 927 horum
479 861 697 926 deliberatione
709 883 772 947 quo
790 861 891 925 miuus
909 858 1015 922 utilem
1032 856 1130 942 patria
1140 855 1282 917 iruetum

310 978 490 1062 perciperet,
519 985 709 1060 praepostera
738 973 870 1038 maxime
889 970 1040 1036 nobilium
1059 967 1158 1033 studia
1174 964 1282 1052 prohi-

309 1089 444 1151 buerunt
457 1087 481 1153 ².
519 1085 606 1152 Unde
632 1109 728 1173 quum
755 1087 915 1150 manifesto
933 1082 1133 1169 apparuisset,
1152 1079 1285 1164 penitus

309 1210 443 1263 mutatae
464 1199 577 1263 civitati
600 1198 699 1262 multo
719 1197 817 1284 magis
832 1196 1004 1261 nocituram
1026 1215 1121 1279 quam
1138 1191 1285 1275 prolutu-

310 1333 390 1388 ram,
410 1311 468 1375 boe
486 1310 611 1395 ancipiti
625 1319 779 1395 tempore,
796 1319 931 1374 veterem
946 1306 1091 1372 ordinum
1107 1301 1286 1367 borussico-

309 1445 378 1487 rum
390 1423 600 1487 auctoritatem
611 1469 620 1496 ‚
631 1420 712 1486 haud
731 1442 803 1485 saue
821 1417 1014 1505 vituperandi
1033 1427 1106 1480 sunt
1124 1413 1285 1479 borussiae

308 1534 529 1612 moderatores,
558 1556 665 1597 rerum
689 1532 859 1598 necessitati
893 1532 1119 1616 obtemperasse
1143 1525 1284 1602 dicendi,

308 1644 404 1731 quod,
415 1643 514 1710 edicto
527 1645 636 1710 istut.
652 1649 749 1722 1812,
762 1655 971 1709 conventuum
986 1645 1019 1707 in
1031 1638 1287 1724 brandenburgit‘s

309 1756 550 1842 Pomerauidque
565 1757 673 1821 ultima
694 1757 818 1843 vestigia
839 1755 1019 1821 deleverunt
1036 1755 1061 1821 ⁵.
1084 1755 1186 1834 Quam
1203 1750 1287 1816 enim

310 1868 376 1953 regi
392 1877 467 1930 esset
476 1868 682 1953 propositum,
703 1880 737 1932 ut
756 1890 826 1933 mox
845 1869 965 1954 placitis
984 1866 1211 1932 liberalioribus
1230 1863 1287 1928 ob-

308 1977 437 2041 soletum
458 1978 535 2043 illud
561 1980 750 2066 exciperetur
777 1981 955 2045 institutum
982 1998 1140 2065 quamque
1167 1977 1201 2040 in
1227 1998 1289 2063 gu·

308 2088 463 2154 bernanda
490 2089 612 2155 civitate
635 2089 695 2156 boe
717 2092 809 2157 unice
829 2101 959 2176 optaret,
979 2100 1014 2155 ut
1035 2089 1133 2175 magis
1154 2108 1291 2153 cousen-

309 2202 403 2266 tiente
420 2203 477 2267 sibi
500 2206 614 2288 populo
639 2227 733 2291 wem
762 2202 925 2269 obediente
952 2213 1110 2284 uteretur,
1137 2211 1207 2265 tum
1227 2198 1289 2264 alia

308 2310 541 2397 baudambigue
556 2312 803 2379 demonstrarunt
820 2314 1007 2392 testimonia,
1022 2324 1090 2378 tum
1107 2312 1290 2377 luculenter

310 2424 454 2506 expressit
475 2437 672 2491 memoratam
696 2429 878 2492 eoueionem
902 2428 1064 2512 auspicans
1084 2447 1292 2490 asnorum-

309 2553 395 2607 orns,
416 2544 537 2619 gratum
558 2537 621 2621 regi
643 2538 734 2602 luisse
754 2539 896 2603 loturum
914 2538 1063 2614 reserens,
1084 2537 1109 2602 si
1130 2539 1174 2602 ita
1194 2538 1292 2601 breve

309 2645 388 2709 iutra
413 2655 531 2730 tempus
557 2648 660 2733 perfici
681 2651 835 2735 popularis
860 2650 1104 2737 repraesentatio
1120 2649 1290 2735 potuisset,

310 2765 354 2830 ut,
371 2775 463 2840 quam
483 2758 547 2841 ipse
566 2759 604 2823 de
625 2783 658 2824 rc
683 2763 840 2827 tributaria
861 2761 1044 2828 conditurus
1069 2772 1151 2826 esset
1175 2762 1293 2848 legem,

310 2868 509 2951 explorandae
527 2891 619 2955 super
633 2870 691 2937 bac
707 2875 812 2959 populi
832 2874 1097 2940 mandatariorum
1117 2873 1294 2939 sententiae

309 2978 395 3060 copia
416 2978 463 3041 illi
479 2981 727 3065 suppeditavisset
742 2985 765 3050 ⁴.

306 3125 512 3142 *—

345 3194 352 3224 ¹
370 3196 461 3256 lidus,
480 3215 502 3259 p.
520 3196 563 3259 92,
582 3217 618 3261 sq.
636 3213 755 3261 sutton,
773 3219 809 3263 op.
826 3220 846 3249 c.
868 3205 892 3251 l.
909 3204 942 3264 ll,
961 3222 985 3265 p.
1000 3203 1045 3254 77.

343 3283 566 3351 ’Liberalioribus,
586 3307 647 3352 quae
662 3291 708 3339 boc
727 3301 828 3354 tempore
848 3296 1018 3360 invaluerant,
1036 3298 1135 3359 placitis
1153 3300 1299 3361 praesertim

310 3376 406 3423 inlestos
424 3380 515 3426 nobiles
532 3398 582 3429 sese
596 3383 766 3432 Lesbussenses
782 3386 950 3436 exbibuerunt.
969 3391 995 3437 V.
1015 3403 1084 3451 ross,
1103 3392 1201 3451 Zeitem
1217 3391 1299 3453 1811,

310 3464 342 3523 n,
361 3485 383 3530 p.
398 3467 457 3525 sao,
473 3486 525 3530 sqq.

344 3553 487 3621 ’Basanon
504 3563 520 3607 t.
539 3579 559 3608 c.
578 3583 601 3627 p.
618 3562 660 3613 78.
695 3568 777 3614 Deosm
795 3578 846 3634 post
861 3567 960 3630 diebus,
978 3573 1114 3635 unicnique
1136 3576 1237 3625 oisemo
1257 3576 1304 3624 ad·

313 3646 476 3710 ministrando,
493 3653 621 3713 legatorum
638 3657 765 3720 nobilium,
791 3661 933 3711 urbanorum
962 3680 990 3711 so
1017 3668 1170 3717 rusticorum
1189 3670 1305 3720 instituti

313 3746 438 3784 conventus
451 3740 552 3790 luerunt.
570 3744 742 3796 Gcsetasamrnl.
763 3749 837 3799 1812.
857 3771 880 3814 p.
902 3753 960 3802 ltl.

348 3820 421 3871 ‘tid
446 3833 519 3878 oratio
538 3835 682 3896 inauguratis
707 3853 888 3904 monumen,
916 3845 940 3892 d.
969 3844 1004 3894 23
1029 3851 1103 3899 Febr.
1134 3851 1221 3916 1811,
1241 3855 1310 3919 apud

316 3918 378 3967 voss,
394 3913 481 3975 Zeiten,
501 3919 577 3982 1811,
592 3927 611 3985 l,
627 3945 649 3989 p.
670 3926 727 3990 107,
745 3949 799 3996 sqq.

720 4117 863 4141 .4,„
