2738 4740
741 438 778 496 rt

272 647 345 712 pore
364 646 401 689 eo
423 624 514 688 luisse
536 644 721 709 progressas,
745 632 796 697 nt,
814 623 904 686 aucta
928 643 1114 708 magnopere
1126 624 1250 708 jurium

272 760 377 805 earum
403 748 468 801 turn
492 735 690 800 multitudine
718 746 783 798 tnm
818 737 982 822 gravitate,
1011 737 1159 802 eximium
1185 740 1252 804 sere

272 855 304 917 in
326 850 459 941 gerendi
478 873 511 915 re
538 851 661 936 publicai
683 852 787 914 locum
817 851 973 915 vindicare
995 851 1116 916 sibimet
1136 864 1252 938 potue·

272 968 343 1032 rint.
378 970 479 1053 Atque
497 966 576 1050 ipsos
600 966 771 1050 principes,
794 986 857 1052 quo
877 967 974 1051 magis
994 965 1026 1028 in
1042 967 1078 1030 ed
1094 989 1130 1057 se
1140 969 1253 1032 versari

273 1079 448 1144 conditione
471 1078 695 1164 perspicerent,
727 1088 762 1139 ut
789 1077 880 1162 operia
907 1078 1085 1164 auxilioque
1105 1080 1251 1144 ordinum

273 1193 354 1259 circa
378 1192 505 1256 civitatis
523 1189 815 1254 administrationem
836 1190 922 1252 nullo
946 1191 1036 1274 plane
1056 1191 1148 1255 modo
1178 1215 1252 1278 pos-

273 1318 339 1372 sent
366 1327 485 1370 carere:
504 1305 539 1367 iis
557 1315 661 1368 autom
683 1314 718 1367 ut
733 1303 838 1367 amicis
856 1302 914 1367 sibi
933 1326 970 1368 ec
989 1305 1163 1370 laventibus
1181 1318 1251 1371 ute·

275 1430 398 1496 rentur,
420 1416 474 1481 sud
497 1417 634 1480 omnium
654 1415 777 1502 plurimi
798 1417 974 1492 interesset,
997 1415 1057 1482 hoc
1084 1419 1251 1504 paratiores

273 1556 338 1598 sose
370 1531 515 1618 praebere
552 1551 674 1593 necesse
704 1540 768 1593 erat
797 1530 828 1592 in
859 1529 895 1592 iis
923 1529 1121 1619 indulgendis
1154 1553 1252 1619 quac,

274 1656 432 1730 tamquam
462 1641 576 1728 gratiae
604 1640 896 1727 munificentiaeque
927 1643 1076 1729 pignora,
1109 1645 1210 1730 expeti
1235 1668 1253 1710 a

275 1757 392 1823 civibus
412 1754 561 1829 solerent,
577 1751 640 1839 qud
657 1754 773 1818 scilicet
795 1755 880 1818 nulla
901 1754 936 1817 iis
946 1758 1127 1841 suppetebat
1142 1778 1252 1821 corum

274 1868 331 1932 sibi
355 1867 472 1933 animoa
501 1865 695 1930 devinciendi
719 1865 874 1932 efficacior
890 1870 976 1934 ratio.
1013 1872 1119 1935 Restat
1146 1882 1252 1935 autem

277 1993 331 2046 ut·
346 1980 451 2068 paucis
478 1979 648 2056 rideamus,
681 2001 887 2066 quommnam
916 1982 1106 2066 potissimum
1130 1983 1253 2068 jurium

279 2094 400 2160 ordines
418 2094 463 2158 illi
480 2092 693 2179 provinciales,
713 2093 745 2157 in
769 2094 924 2179 plerisque
953 2107 1037 2160 certe
1055 2095 1252 2182 regionibus,

278 2219 433 2294 compotes
460 2207 643 2285 exstiterint,
675 2228 740 2293 quo
764 2205 803 2270 de
823 2207 958 2271 muneris
984 2207 1121 2293 ipsorum
1147 2209 1253 2274 indole

274 2322 473 2406 ambituque,
494 2342 552 2385 nec
574 2341 635 2384 non
655 2319 694 2384 de
704 2321 861 2405 praeclaro
881 2320 966 2407 quod
984 2321 1108 2386 tandem
1134 2345 1252 2388 conse-

274 2435 338 2501 cuti
358 2445 430 2498 sunt
450 2444 623 2510 momento,
651 2435 765 2497 certius
784 2434 865 2499 ferre
890 2435 980 2500 liceat
1000 2434 1167 2519 judicium.
1214 2437 1253 2500 Et

273 2547 409 2635 primurn
440 2546 566 2633 quidem
593 2548 749 2625 omnium,
788 2549 904 2634 quippe
932 2573 968 2614 cx
999 2571 1063 2636 quo
1091 2555 1253 2616 communi

273 2662 358 2726 sonte
385 2671 503 2725 caetera
533 2682 627 2747 propo
647 2663 749 2726 omnia
770 2664 883 2749 quibus
901 2663 1045 2751 deinceps
1065 2666 1159 2752 gavisi
1179 2678 1252 2731 sunt

270 2776 341 2860 jura
363 2772 578 2860 profluxerint,
600 2774 756 2840 referenda
777 2774 840 2849 huc
862 2789 906 2842 est
937 2779 1082 2844 solemnis
1111 2780 1165 2845 illa
1188 2782 1251 2843 im·

274 2888 448 2976 perantium
459 2886 635 2972 promissio,
655 2889 776 2952 nullum
787 2888 840 2953 hos
858 2892 1008 2956 tributum
1031 2893 1071 2958 ab
1091 2893 1251 2958 ordinibus

275 3014 432 3069 exacturos
457 3001 618 3065 nullumve
645 3000 762 3065 ciribus
785 3002 932 3067 universis
958 3005 1170 3089 imposituros,
1194 3006 1251 3070 nisi

273 3115 435 3180 adsensum
460 3137 551 3179 suurn
574 3114 696 3178 ordines
718 3114 951 3181 declararisscnt
971 3118 993 3184 ¹.
1033 3120 1250 3206 Quamquam,

273 3227 393 3293 firmato
404 3229 502 3316 magis
518 3229 675 3316 magisque
688 3228 864 3315 principum
881 3231 1010 3319 imperio
1026 3233 1066 3298 eb
1083 3233 1200 3320 iisque,
1218 3244 1253 3298 nt

273 3363 363 3428 snpra
384 3342 579 3418 monuimus,
594 3343 791 3431 vectigalium
803 3365 928 3431 quoque
942 3345 1149 3432 petendorum
1159 3369 1250 3411 usur-

273 3456 344 3542 patl
366 3457 527 3532 facultate,
545 3455 610 3518 lieri
636 3479 698 3520 non
713 3457 831 3541 potuit,
855 3458 929 3544 quin
959 3460 1182 3547 quodcumque
1198 3460 1252 3545 jus

274 3570 354 3635 circa
365 3570 574 3656 gravissimum
590 3568 685 3634 bocco
695 3582 912 3656 argumentum
924 3572 1081 3637 ordinibus
1099 3574 1252 3638 attribue-

275 3693 368 3760 retur,
381 3684 477 3770 magis
489 3682 527 3747 ad
542 3682 713 3748 obeundam
726 3683 979 3750 deliberationem
990 3687 1144 3773 pertinere
1154 3708 1250 3774 quam

310 3938 320 3977 ¹
338 3941 462 3999 Snuntt,
483 3942 515 3988 tte
530 3942 637 3989 Statuam
652 3943 831 4003 provincialium
849 3941 956 4005 Origine,
974 3941 1094 4008 §5-193
1125 3956 1250 3999 stennone.

273 4035 290 4084 l.
304 4032 345 4099 ld
362 4029 422 4093 427,
442 4032 481 4080 lit.
502 4031 530 4085 l:
550 4045 763 4093 naumann,
778 4034 910 4082 Gnnda'itro
925 4035 967 4082 des
984 4035 1095 4097 berrtigen
1115 4036 1249 4084 Dentsoben

272 4124 439 4186 suaunctn,
455 4126 468 4191 p
479 4123 535 4174 155.
