2738 4740
733 446 800 507 106>

276 641 340 695 tum
356 630 456 694 iacere
471 640 536 693 tum
552 629 712 715 abrogare,
727 629 839 694 tributa
852 640 906 694 aut
923 631 1063 696 minuero
1081 645 1136 697 aut
1155 658 1248 700 erau-

276 765 357 831 gere,
382 743 558 828 peregrinos
581 742 694 807 cisium
715 742 1025 809 Transsilranensium
1043 745 1168 828 juribus
1192 750 1248 813 do-

275 878 358 923 nare.
394 857 430 919 ln
458 854 557 919 diaeta
583 877 629 919 res
657 854 696 919 ad
725 855 878 920 civitatem
906 858 1093 940 pertinentes
1118 882 1246 937 omues,

226 988 229 994 ·
274 968 497 1035 consultatione
516 968 665 1045 instituta,
682 968 782 1031 solent
799 969 987 1053 pertractari.
1001 971 1138 1056 praeside
1158 994 1247 1037 man-

274 1083 390 1147 datario
410 1081 505 1168 regio.

316 1194 488 1261 Concilium
507 1192 656 1258 ricarium
675 1191 795 1278 regium
821 1213 1000 1277 supremum
1016 1204 1061 1258 est
1078 1195 1244 1282 collegium

273 1306 459 1372 moderando
484 1303 670 1390 principatui
694 1303 910 1389 praepositum.
947 1305 1096 1371 Praesidio
1115 1329 1246 1372 munere

272 1420 466 1485 Gubernator
486 1417 637 1504 fungitur.
669 1418 729 1482 Res
753 1417 950 1503 pecuniariae
976 1419 1109 1505 collegio
1130 1423 1245 1486 aerario

272 1528 511 1599 administrando
542 1541 614 1594 sunt
634 1530 808 1596 attributae.
851 1531 932 1594 Juris
957 1532 1153 1618 impertiendi
1171 1556 1245 1619 pru-

273 1644 372 1709 vincia
386 1642 500 1710 credita
515 1644 687 1707 estllensae
700 1643 826 1730 Regiae,
843 1664 923 1728 quae
934 1654 1001 1708 tum
1011 1646 1075 1730 ipsa
1089 1647 1244 1711 nonnullis

273 1758 305 1820 in
334 1755 431 1821 causis
456 1754 593 1840 primum
613 1753 741 1842 gradum
757 1755 979 1839 jurisdictionis
998 1779 1140 1823 exercere
1156 1760 1242 1832 solet,

273 1882 340 1936 tum
371 1869 403 1935 in
427 1869 495 1933 aliis
522 1868 597 1933 latas
624 1890 642 1934 a
667 1868 837 1933 minoribus
855 1869 1061 1936 tribunalibus
1081 1873 1243 1936 sententias

271 1996 325 2049 aut
342 1982 442 2049 irritas
458 1982 618 2049 declarare
628 1992 682 2046 aut
700 1980 891 2047 confirmare.
924 1984 1103 2047 Institutum
1114 2004 1242 2069 quoquo

271 2109 316 2164 est
339 2096 498 2184 proprium
519 2095 601 2162 eirca
626 2116 674 2160 res
693 2096 889 2161 mercatorias
909 2096 1055 2162 tribunal.

314 2212 410 2299 Leges
433 2222 567 2297 quatuor
584 2208 739 2276 vindicant
760 2231 917 2274 sacrorum
940 2208 1095 2285 formulas,
1118 2207 1242 2293 paribus

269 2323 350 2386 inter
378 2344 411 2386 sc
436 2323 560 2407 juribus
589 2322 771 2398 instructas,
796 2321 995 2397 Catholioam,
1019 2319 1239 2396 Lutheranam,

268 2435 475 2499 Reformatam
490 2445 521 2497 et
534 2432 737 2499 Sociniauam.
759 2433 880 2520 Religio
890 2455 961 2497 roro
975 2431 1149 2510 Orientalis,
1161 2455 1242 2519 quac

268 2543 397 2621 dicitur,
418 2556 483 2608 tum
505 2546 596 2609 etiam
613 2544 728 2609 Judaea
751 2546 920 2610 tolerantur
937 2544 1041 2611 modo.
1080 2543 1241 2610 Catholicis

267 2656 359 2724 sooria
382 2658 549 2744 episcopus,
572 2656 721 2742 adjuncto
742 2659 887 2743 capitulo,
905 2658 1033 2744 praeest.
1064 2660 1239 2724 Reformata

266 2772 394 2837 subsunt
405 2770 587 2837 moderatori
601 2771 750 2857 superiori
761 2769 1047 2859 (Superintendent)
1064 2772 1154 2856 cujus
1169 2795 1239 2836 aus·

266 2886 352 2973 pioiis
380 2909 482 2951 rerum
506 2887 780 2952 ecclesiasticarum
800 2885 1094 2951 administrationem
1124 2887 1240 2950 obeunt

265 3001 402 3065 notarius
421 2999 608 3078 universalis,
635 2998 848 3065 consistorium
874 2998 1036 3094 ac'solocti
1060 2998 1134 3064 socii
1153 3021 1238 3063 com-

264 3113 379 3198 plures.
402 3112 575 3177 Lutherana
595 3112 669 3177 item
691 3112 842 3198 gubernat
862 3110 1052 3189 moderator,
1073 3112 1239 3198 synodalis,
1343 3129 1348 3136 “

264 3247 359 3312 quem
379 3237 499 3302 vocant,
520 3247 676 3290 consessus
695 3246 826 3311 praeses.
870 3224 1011 3310 Denique
1032 3224 1120 3289 tortia
1141 3247 1237 3299 sacra,

235 3338 437 3421 bombiana,
460 3338 567 3402 tertius
592 3337 766 3401 moderator
787 3335 987 3400 administrat.
1023 3338 1072 3401 Ab
1094 3337 1239 3422 episeopo

263 3451 426 3517 Orientalis
456 3452 557 3516 cultus
576 3449 690 3535 pendet
711 3448 886 3516 celebratio.
916 3448 1038 3515 Judaeis
1055 3449 1134 3515 duae
1149 3452 1237 3515 attri-

261 3563 355 3631 butae
369 3575 442 3631 sunt
454 3585 511 3650 pro
526 3565 616 3631 sectis
629 3562 749 3629 duabus
766 3583 947 3650 synagogae.

691 3853 815 3876 ‚Q—
