2738 4740
741 455 783 517 90

281 639 362 703 circa
391 638 507 703 hancce
532 637 688 723 regionem
711 637 869 702 decretum
893 636 1020 703 sancivit
1039 634 1078 699 de
1098 636 1252 698 constitn-

281 735 363 813 tionc
395 749 556 825 ordinum,
588 749 677 832 cujus
701 747 752 813 hic
776 749 940 833 praecipua
961 748 1059 832 capita
1081 745 1253 830 subjecturi

281 882 396 926 sumus.

527 947 567 1035 A)
597 946 737 1033 Quinam
763 951 831 1012 sint
851 946 995 1011 ordines.

324 1087 464 1166 Quatuor
475 1096 564 1162 sunt,
580 1083 752 1148 secundum
768 1084 926 1148 decretum
941 1087 981 1148 13
999 1083 1252 1167 1111111.1817,111

279 1198 396 1264 Galicia
412 1197 544 1275 ordines,
561 1197 689 1263 scilicet:
703 1197 866 1275 Pontificii,
877 1198 1038 1282 Dynastae,
1050 1195 1172 1259 Nobiles
1189 1195 1253 1258 sire

280 1311 415 1398 Equites,
436 1311 532 1375 Urbes
547 1310 649 1396 regiae
667 1310 691 1377 ¹.
731 1308 779 1374 Ad
793 1310 943 1394 praelatos
958 1307 1114 1393 pertinent
1132 1306 1253 1372 archie-

280 1423 415 1510 piscopi,
450 1423 603 1508 episcopi,
635 1421 759 1486 abbatos
786 1421 1001 1496 abbatiarum,
1033 1428 1100 1483 tum
1128 1419 1254 1484 abbates

280 1538 337 1617 illi,
360 1536 498 1623 insulam
508 1543 674 1624 gerentes,
693 1555 771 1621 qnos
794 1543 934 1620 rogantes
952 1534 1118 1617 imperator
1131 1533 1254 1616 juribus

281 1650 425 1716 ordinum
445 1649 631 1724 instruxerit,
652 1646 787 1733 denique
803 1647 929 1731 capituli
938 1646 961 1711 ².
985 1646 1188 1732 Dynastarum
1203 1667 1253 1708 or-

281 1762 386 1827 dinem
411 1760 580 1827 conficiunt
601 1760 763 1846 principes,
787 1761 913 1824 comites
935 1780 972 1824 ac
996 1757 1134 1844 toparcbi
1159 1758 1254 1846 (Frei-

282 1872 406 1960 berren)
436 1869 607 1939 incolarum
627 1874 750 1959 juribus
773 1874 871 1938 ornati
892 1873 917 1937 ³.
971 1874 1120 1959 Equitum
1153 1873 1254 1938 ordini

281 1987 426 2073 adscripti
446 1986 599 2052 habentur
619 1987 739 2052 nobiles
759 1986 924 2074 indigenae
944 2008 1061 2065 omnes,
1085 1987 1151 2074 qui,
1170 1986 1254 2071 quod

282 2100 320 2166 ad
338 2102 458 2188 generis
478 2100 525 2166 sui
543 2101 709 2166 nobilitatis
729 2100 959 2186 probationem,
979 2101 1015 2163 iis
1032 2100 1173 2165 omnibns
1184 2122 1253 2184 per-

281 2215 484 2291 sanctisunt,
501 2235 582 2300 quae
598 2224 759 2298 praecepta
776 2212 967 2295 reperiantur
983 2212 1108 2277 decreto
1126 2216 1169 2279 20
1185 2213 1254 2277 lan.

286 2330 368 2393 1782
383 2328 526 2412 intraque
538 2327 669 2411 spatium
686 2326 791 2392 eodem
807 2324 968 2390 delinitum
982 2326 1015 2390 in
1031 2327 1149 2390 tabulas
1167 2327 1256 2390 relati

282 2439 590 2525 luerunt3praeterea
619 2440 663 2503 illi
692 2461 834 2527 qnoque,
860 2440 971 2526 quibus
1000 2440 1063 2504 sire
1087 2440 1255 2524 imperator

283 2551 344 2615 sire
364 2551 494 2636 majores
515 2551 597 2615 illins
619 2552 770 2637 equitatus
785 2553 855 2636 jura
876 2552 1091 2630 adtribuerint,
1120 2553 1258 2639 denique

284 2663 401 2729 nobiles
431 2664 564 2750 equestri
591 2687 705 2752 genere
726 2687 761 2729 ex
787 2665 934 2730 universis
955 2665 1075 2751 imperii
1097 2667 1255 2750 partibus,

283 2776 411 2841 simulac
430 2777 646 2863 indigenarum
658 2779 877 2843 Galiciensinm
888 2779 959 2864 jura
974 2801 1010 2842 ac
1025 2779 1206 2843 relationem
1221 2780 1255 2842 in

284 2890 401 2954 tabulas
423 2890 588 2954 nobilitatis
608 2891 736 2957 assecuti
753 2891 813 2956 sint
829 2893 853 2960 1.
899 2893 941 2956 Ex
959 2891 1087 2955 urbibus
1111 2892 1256 2977 primaria

283 3002 387 3068 ciritae
415 3003 582 3089 Lemberga
614 3005 675 3068 sola
704 3016 850 3091 quartum
884 3006 977 3069 efficit
1000 3005 1155 3083 ordinem,
1182 3028 1256 3070 curn

284 3129 386 3181 tamen
407 3116 582 3182 facultatem
604 3117 661 3181 sibi
681 3117 841 3181 retinuerit
861 3119 1027 3204 imperator
1041 3120 1114 3183 alias
1129 3140 1257 3205 quoquc

286 3231 382 3315 regias
404 3229 494 3293 urbes
515 3230 628 3293 ordinis
645 3229 812 3315 pririlegiis
835 3230 996 3295 muniendi
1006 3231 1030 3296 ⁵.

327 3344 404 3408 Cum
424 3364 512 3418 rero,
532 3343 616 3428 quod
636 3342 674 3408 ad
696 3343 943 3408 constitutionem
967 3343 1108 3408 ordinum
1129 3345 1256 3418 attinet,

282 3459 345 3541 jorn
377 3455 501 3520 decreto
534 3460 574 3519 14
600 3457 698 3520 llartii
726 3459 828 3533 1787,
862 3458 1026 3540 conjuncta
1056 3457 1147 3522 luerit
1183 3480 1257 3522 cum

285 3570 403 3635 Galicia
425 3570 613 3646 Bnlsowina,
646 3569 835 3634 confirmarit
859 3569 976 3635 hancce
996 3572 1256 3636 consociationem

287 3705 470 3748 rnnncrscns
488 3683 669 3768 imperator,
697 3682 779 3748 bisce
800 3682 910 3747 additis
930 3683 969 3748 dc
990 3684 1147 3748 ordinibus
1169 3684 1258 3747 istius

287 3796 462 3882 provinciae
482 3795 601 3880 placitis
624 3797 646 3857 ὓς
682 3793 711 3882 1)
730 3807 764 3859 ut
781 3796 967 3860 Bulrowinac
979 3798 1153 3882 episcopus,
1172 3795 1253 3860 lranrl

323 3967 438 4015 'liceret
460 3968 491 4016 13
509 3970 572 4031 April
604 3967 678 4028 11117,
728 3969 750 4016 l.
846 3968 1015 4016 1111111111.
1036 3967 1133 4032 1’,2,111
1167 3970 1187 4017 l.

320 4059 621 4126 lfflmstdpssle
843 4059 1152 4124 ‘Dmnffl.§2ald

320 4152 327 4181 ¹
348 4155 406 4201 Dect
434 4153 464 4200 111.
484 4155 496 4200 tl
514 4153 539 4215 2,
557 4155 588 4201 11.
610 4158 632 4201 1.
840 4153 849 4181 ⁶
868 4157 934 4203 llecr.
954 4155 985 4201 id.
1004 4155 1017 4218 11
1036 4155 1060 4215 3,
1080 4156 1101 4200 al
1134 4153 1155 4199 l.
