2738 4740
537 468 602 534 203

85 655 269 724 antecellere
283 651 430 741 quodque
448 651 652 736 municipium
672 652 874 730 existimetur,
894 676 958 732 ore,
974 675 1052 740 quos

86 769 160 856 eligi
180 767 274 834 velint
298 763 508 852 pronuntiant,
528 763 625 849 inque
644 763 761 829 tabulas
780 767 948 850 nuncupati
959 768 1000 833 ab
1015 769 1053 834 iis

85 881 228 967 deinceps
242 879 427 944 referuntur.
449 875 517 958 Qua
527 875 661 960 perfecta
671 875 835 954 notatione,
845 876 905 943 lata
914 881 1052 946 omnium

83 993 227 1082 suffragia
244 1012 302 1076 pro
320 987 469 1056 concione
490 996 704 1066 recensentur,
720 986 804 1053 haud
821 987 947 1074 quidem
961 1003 1054 1075 prout

85 1106 182 1195 rogati
200 1102 275 1172 socii
294 1103 438 1177 luerunt,
460 1098 513 1167 sed
531 1099 571 1166 ad
588 1120 790 1168 numerorum
807 1099 899 1165 dmul
918 1100 1052 1188 adscrip-

84 1230 187 1285 torum
213 1213 485 1290 continuationem,
502 1234 566 1299 quo
593 1211 720 1291 scilicet,
742 1213 822 1279 olam
843 1214 969 1279 caeteris
989 1235 1055 1279 om·

84 1332 189 1414 nibus,
205 1329 320 1415 cuique
334 1335 440 1390 votum
455 1346 546 1390 suum
564 1346 731 1412 agnoscere
743 1324 939 1392 concedatur.
963 1328 1054 1393 Reci-

86 1444 156 1510 tatis
173 1441 228 1506 ubi
245 1436 454 1526 acquieverint
479 1436 600 1515 cuncti,
623 1437 655 1501 in
678 1457 826 1522 quosnam
849 1438 1054 1523 plurimorum

85 1555 254 1624 consentiat
269 1554 408 1620 voluntas
424 1550 543 1638 exquiri
559 1551 661 1617 statim
678 1552 896 1638 enuntiarique
909 1552 1011 1631 debet,
1021 1554 1054 1619 in

85 1690 147 1755 qua
167 1666 394 1754 computatione
409 1664 435 1730 si
453 1686 489 1730 ea
509 1663 723 1752 suffragiomm
743 1664 855 1749 paritas
870 1667 1055 1752 apperuerit,

85 1782 175 1868 nujus
192 1780 217 1846 si
237 1779 314 1845 ratio
338 1777 519 1853 haberetur,
542 1779 680 1863 superari
698 1799 863 1843 numerum
885 1779 1054 1845 electorum

84 1894 257 1981 legitimum
272 1913 395 1958 necesse
411 1901 498 1972 esset,
515 1889 617 1957 denuo
629 1893 816 1958 instauretur
829 1903 949 1978 oportet
961 1914 1054 1979 super

83 2004 140 2083 iis,
162 2005 274 2092 quibus
298 2025 385 2089 pares
406 2003 571 2092 obtigerint
594 2004 725 2082 calculi,
750 2006 867 2090 rogatio
893 2006 988 2092 idque
1013 2028 1055 2072 ne

83 2117 129 2184 sic
150 2117 276 2204 quidem
298 2116 416 2205 negligi
430 2116 514 2193 licet,
537 2114 590 2179 ubi
605 2115 752 2180 alteruter
772 2115 900 2181 istorum
917 2117 1053 2182 oblatum

82 2230 142 2296 sibi
166 2229 314 2297 bonorem
336 2226 553 2311 repudiaverit.
599 2225 733 2290 Tabulae
748 2224 883 2314 denique
899 2229 1055 2294 electionis

85 2340 124 2406 ad
144 2338 318 2425 provinciae
335 2336 540 2402 moderatores
561 2335 811 2403 transmittendae
830 2350 901 2404 sunt
921 2339 945 2407 ¹.

128 2453 242 2518 Ultima
267 2449 399 2527 comitia,
426 2446 539 2534 quibus
557 2447 636 2534 ipsos
658 2448 781 2516 tandem
805 2451 920 2540 legatos
939 2474 995 2518 suo
1016 2475 1052 2518 eu

86 2585 214 2650 corpore
226 2563 385 2649 designare
399 2561 498 2626 solent
516 2561 671 2640 electores,
688 2583 791 2628 eoram
810 2565 1053 2652 uniuscujusque
1115 2628 1117 2635 .

84 2676 258 2765 provinciae
275 2673 531 2751 moderatoribus,
553 2673 633 2740 duce
653 2676 737 2763 regio
748 2678 896 2762 praeside,
913 2680 1053 2745 eamdem

83 2812 205 2876 prorsus
224 2788 262 2855 ad
284 2809 424 2855 normam
441 2788 646 2866 celebrantur,
669 2809 763 2874 quam
781 2787 820 2854 de
836 2793 1053 2859 communibus

83 2903 208 2970 urbium
228 2901 365 2968 coetibus
381 2911 505 2987 agentes
521 2899 555 2966 in
576 2899 636 2987 §⁹⁵⁰
648 2901 798 2983 superiori
817 2903 1018 2987 explicuimus
1027 2905 1051 2971 ².

82 3017 191 3102 ltaque
207 3013 280 3078 huic
291 3013 382 3078 etiam
392 3011 543 3089 concioni,
559 3012 662 3076 utrite
677 3012 755 3077 bota
767 2990 877 3077 electio
893 3012 1051 3093 habeatur,

82 3139 145 3193 tres
159 3136 242 3192 certe
253 3134 375 3210 quartas
387 3123 555 3189 electorum
570 3133 670 3209 partes
680 3123 851 3189 interfuisse
865 3146 987 3191 necesse
998 3139 1050 3206 est;

84 3239 136 3304 sed
157 3236 325 3324 requiritur
341 3235 478 3321 insuper,
499 3248 534 3300 ut
555 3259 572 3302 e
593 3236 722 3324 singulis
740 3237 932 3303 ambaotibus
956 3239 1052 3323 major

84 3349 212 3417 dimidio
225 3370 374 3414 numerus
389 3347 553 3415 advenerit.
584 3349 677 3434 Cujus
689 3361 812 3435 propter
831 3349 984 3416 defectum
998 3351 1051 3415 ubi

83 3461 225 3547 suffragia
253 3458 324 3527 lerri
347 3458 500 3546 praedicto
527 3460 578 3526 die
596 3458 679 3526 haud
697 3461 869 3547 potuerint,
891 3462 1013 3527 oriundi
1035 3486 1052 3527 e

85 3574 212 3661 repetita
237 3571 452 3639 convocatione
481 3584 600 3638 sumtus
618 3573 659 3639 ab
685 3573 745 3638 illis
768 3575 884 3661 expleri
901 3574 1052 3659 jubentur

84 3688 282 3764 electoribus,
306 3707 382 3772 quos
399 3687 466 3752 sine
481 3686 564 3771 justa
592 3687 683 3752 caueri
700 3687 838 3753 absentes
852 3687 944 3753 fuisse
961 3710 1052 3774 appa-

84 3803 180 3869 ruerit
198 3802 221 3869 ³.
249 3799 365 3884 Quodsi
382 3822 454 3866 vero
475 3799 635 3865 necessitas
656 3798 795 3865 inciderit
812 3800 971 3888 ejusmodi,
989 3823 1050 3888 qua

85 3935 277 3947 m

124 3977 207 4027 ¹1sra.
225 3978 244 4025 r.
261 3957 282 4025 ὸ.
300 3976 328 4042 §p
344 3973 387 4036 eo,
405 3971 448 4022 so.

119 4069 206 4118 ’lbid.
224 4071 241 4117 l.
260 4086 282 4117 c.
299 4068 313 4133 ᾗ
331 4066 373 4128 37,
391 4065 448 4114 coll.
466 4064 495 4130 §p
512 4062 555 4126 26,
573 4063 604 4112 21
624 4075 647 4113 et
667 4063 708 4116 22.

119 4160 129 4194 ³
148 4161 207 4211 lbid.
225 4162 242 4209 l.
261 4177 282 4210 o.
300 4160 314 4226 p
331 4156 373 4222 ³8,
392 4157 449 4220 coll,
468 4154 539 4223 §²⁶2
555 4157 586 4206 al.
606 4153 630 4206 2.
