2738 4740
99 590 363 614 ΜἈἉἋἏἉΜἉἊΜ
366 589 582 612 ammummm
586 589 627 609 W
630 590 650 608 u
653 590 671 608 u
674 588 715 608 W
719 587 892 608 amswmmsm
895 587 936 607 §Qu
941 585 1024 606 ἉἈἏἏ
1027 586 1068 606 Μ

394 1072 775 1152 PRAEFATIO.

508 1335 660 1358 ..“’.

103 1526 279 1648 Postquam
304 1588 355 1648 per
382 1567 542 1626 multorum
564 1568 628 1647 jam
651 1587 798 1624 annorum
817 1565 945 1647 spatium
965 1564 1069 1624 studiis

101 1685 241 1745 litorariis
262 1694 349 1766 atque
363 1684 502 1765 juridicis
522 1685 555 1744 in
575 1682 666 1744 hocce
685 1682 835 1743 Athenaeo
850 1703 968 1766 operam
980 1702 1067 1740 nava-

101 1822 213 1874 veram,
240 1822 274 1861 eo
301 1801 419 1861 tandem
440 1798 515 1860 mihi
536 1823 656 1884 quoqne
675 1800 858 1861 tendendum
878 1798 952 1870 suit,
980 1819 1068 1881 quor-

98 1940 180 1988 sum,
202 1930 353 2001 tamquam
376 1919 413 1978 ad
428 1918 565 1978 laborum
578 1940 715 2001 scopum,
732 1919 753 1978 ii
774 1918 831 1979 lere
850 1916 945 1976 solent
966 1915 1067 1976 oculos

98 2048 282 2107 convertere,
304 2038 358 2119 qui
379 2037 572 2097 academicae
599 2036 781 2096 institutioni
811 2033 985 2094 erudiendos
1012 2052 1068 2091 sese

99 2155 313 2223 commiserint,
336 2165 370 2213 ut
389 2174 494 2235 nempe
515 2153 666 2211 materiem
694 2150 946 2232 circumspicerem
973 2147 1069 2229 speci·

99 2270 204 2341 minis,
225 2291 287 2351 quo
307 2270 376 2328 satis
396 2267 589 2351 probabiliter
602 2266 736 2338 defenso,
752 2265 790 2325 ad
804 2262 1069 2325 summoshonores

99 2387 335 2468 consequendos,
356 2397 385 2445 et
403 2385 524 2469 quidem
546 2386 578 2444 in
613 2382 866 2465 Jurisprudentiae
892 2381 1068 2464 disciplina,

99 2503 197 2563 aditus
227 2501 301 2563 mibi
329 2503 534 2563 recluderetur.
584 2502 619 2561 Et
647 2502 793 2584 primum,
822 2522 913 2584 quarn
942 2501 1067 2582 experiri

99 2622 191 2703 inque
207 2598 444 2680 dissertationum
460 2641 580 2680 suarum
595 2618 827 2702 praefationibus
841 2640 1069 2680 commemorare

100 2737 253 2821 plerosque
274 2749 380 2797 notum
401 2749 456 2811 est,
477 2737 591 2813 idonei,
618 2739 651 2796 in
672 2759 733 2820 quo
753 2737 972 2821 periclitentur,
991 2757 1069 2819 repe-

99 2854 200 2915 riundi
222 2856 388 2936 argumenti
411 2855 630 2925 difficultatem,
652 2856 754 2916 eadem
774 2878 842 2916 sanc
860 2854 934 2915 mihi
951 2877 1070 2937 quoque

101 2969 184 3030 baud
212 2971 395 3033 mediocriter
425 2970 544 3054 obtigit.
598 2975 804 3050 Quinetiam,
832 2976 866 3035 in
887 2984 1070 3055 argumento·

103 3109 171 3149 rum
185 3088 383 3150 aestimatione
396 3089 545 3167 facienda,
558 3112 650 3174 quam
664 3091 800 3173 imperito
808 3091 913 3172 juveni
928 3091 962 3150 in
974 3111 1070 3172 prorn-

103 3215 138 3265 tu
164 3205 202 3264 sit
230 3203 413 3267 vehementer
443 3206 527 3283 salli,
556 3207 609 3269 ubi
634 3227 704 3290 prae
722 3207 825 3267 multis
855 3205 922 3267 aliis
949 3228 1005 3267 usu
1023 3229 1071 3270 me

102 3320 239 3383 edoctum
258 3325 458 3404 pronuntiem,
479 3323 562 3385 haud
582 3345 653 3385 sanc
665 3324 754 3406 longe
772 3346 788 3385 a
806 3325 927 3386 veritate
941 3324 1071 3387 recedere

102 3437 178 3499 mibi
192 3439 302 3502 videor.
344 3442 582 3526 Etenim,quum
602 3440 696 3519 mihi,
710 3441 849 3503 historica
862 3443 940 3525 juris
956 3439 1070 3526 publici

58 3534 66 3549 ,
101 3556 290 3627 tractatione,
318 3554 357 3616 ab
376 3580 410 3619 eo
430 3559 500 3619 inde
520 3570 649 3643 tempore
674 3581 736 3641 quo
766 3562 930 3644 quicquam
940 3561 976 3622 de
993 3560 1072 3622 bisoe

102 3671 269 3755 intelligere
289 3675 465 3757 coepissem,
486 3675 644 3758 insigniter
662 3677 819 3762 delectato,
846 3701 883 3739 cx
912 3701 944 3740 ea
973 3681 1071 3764 campi

99 3790 222 3873 juridici
236 3792 327 3853 veluti
341 3795 460 3875 regione
474 3795 589 3871 locum,
600 3796 648 3856 cui
664 3799 840 3881 exponendo
853 3799 1071 3871 incumberem,

104 3919 199 3991 petere
216 3909 392 3993 placuisset,
414 3935 448 3973 ac
468 3915 569 3975 statim
592 3917 671 3999 operi
700 3938 824 3976 manum
852 3918 1002 3981 admovere
1027 3921 1072 3980 in-

105 4026 277 4108 stituissem,
293 4030 358 4111 jam
380 4031 510 4092 multum
533 4033 580 4092 isti
609 4032 809 4114 disquisitioni
831 4047 860 4098 et
878 4038 1015 4120 temporis
1045 4048 1084 4097 etr

105 4142 269 4209 industrias
295 4146 473 4228 tribueram,
497 4171 593 4233 quum
614 4151 677 4233 ipsa
698 4154 870 4223 tractatione
898 4156 1020 4237 aequius
1039 4154 1075 4214 de
