<?xml version="1.0" encoding="UTF-8"?>
<!DOCTYPE html PUBLIC "-//W3C//DTD XHTML 1.0 Transitional//EN"
    "http://www.w3.org/TR/xhtml1/DTD/xhtml1-transitional.dtd">
<html xmlns="http://www.w3.org/1999/xhtml" xml:lang="en" lang="en">
 <head>
  <title>
</title>
<meta http-equiv="Content-Type" content="text/html;charset=utf-8" />
  <meta name='ocr-system' content='tesseract 3.04.00' />
  <meta name='ocr-capabilities' content='ocr_page ocr_carea ocr_par ocr_line ocrx_word'/>
</head>
<body>
  <div class='ocr_page' id='page_1' title='image "./specimenjurispu00backgoog_0291.png"; bbox 0 0 2738 4740; ppageno 0'>
   <div class='ocr_carea' id='block_1_1' title="bbox 640 440 703 502">
    <p class='ocr_par' dir='ltr' id='par_1_1' title="bbox 640 440 703 502">
     <span class='ocr_line' id='line_1_1' title="bbox 640 440 703 502; baseline -0.032 0"><span class='ocrx_word' id='word_1_1' title='bbox 640 440 703 502; x_wconf 82' lang='lat'><strong>267</strong></span> 
     </span>
    </p>
   </div>
   <div class='ocr_carea' id='block_1_2' title="bbox 196 621 1176 3760">
    <p class='ocr_par' dir='ltr' id='par_1_2' title="bbox 196 621 1170 1049">
     <span class='ocr_line' id='line_1_2' title="bbox 198 621 1167 712; baseline -0.002 -24"><span class='ocrx_word' id='word_1_2' title='bbox 198 625 373 712; x_wconf 78' lang='lat' dir='ltr'><strong>regionibus</strong></span> <span class='ocrx_word' id='word_1_3' title='bbox 391 625 559 689; x_wconf 88' lang='lat' dir='ltr'><strong>electorum</strong></span> <span class='ocrx_word' id='word_1_4' title='bbox 583 622 755 712; x_wconf 78' lang='lat' dir='ltr'><strong>peragenda</strong></span> <span class='ocrx_word' id='word_1_5' title='bbox 774 621 948 706; x_wconf 72' lang='lat' dir='ltr'><strong>designatio</strong></span> <span class='ocrx_word' id='word_1_6' title='bbox 965 621 1167 688; x_wconf 73' lang='lat' dir='ltr'><strong>moderationi</strong></span> 
     </span>
     <span class='ocr_line' id='line_1_3' title="bbox 196 734 1170 822; baseline -0.002 -21"><span class='ocrx_word' id='word_1_7' title='bbox 196 737 398 801; x_wconf 88' lang='lat' dir='ltr'><strong>committitur</strong></span> <span class='ocrx_word' id='word_1_8' title='bbox 415 735 666 822; x_wconf 74' lang='lat' dir='ltr'><strong>magistratuum,</strong></span> <span class='ocrx_word' id='word_1_9' title='bbox 684 745 755 814; x_wconf 84' lang='lat' dir='ltr'><strong>ent,</strong></span> <span class='ocrx_word' id='word_1_10' title='bbox 766 734 905 820; x_wconf 89' lang='lat' dir='ltr'><strong>pluribus</strong></span> <span class='ocrx_word' id='word_1_11' title='bbox 923 734 998 800; x_wconf 89' lang='lat' dir='ltr'><strong>locis</strong></span> <span class='ocrx_word' id='word_1_12' title='bbox 1015 736 1047 799; x_wconf 91' lang='lat' dir='ltr'><strong>in</strong></span> <span class='ocrx_word' id='word_1_13' title='bbox 1069 756 1170 800; x_wconf 90' lang='lat' dir='ltr'><strong>unum</strong></span> 
     </span>
     <span class='ocr_line' id='line_1_4' title="bbox 196 847 1170 925; baseline 0 -11"><span class='ocrx_word' id='word_1_14' title='bbox 196 849 367 915; x_wconf 88' lang='lat' dir='ltr'><strong>districtum</strong></span> <span class='ocrx_word' id='word_1_15' title='bbox 388 848 587 925; x_wconf 77' lang='lat' dir='ltr'><strong>consociatis,</strong></span> <span class='ocrx_word' id='word_1_16' title='bbox 608 848 701 912; x_wconf 89' lang='lat' dir='ltr'><strong>unius</strong></span> <span class='ocrx_word' id='word_1_17' title='bbox 722 847 876 913; x_wconf 78' lang='lat' dir='ltr'><strong>rariorum</strong></span> <span class='ocrx_word' id='word_1_18' title='bbox 900 848 933 913; x_wconf 91' lang='lat' dir='ltr'><strong>in</strong></span> <span class='ocrx_word' id='word_1_19' title='bbox 954 848 1008 912; x_wconf 83' lang='lat' dir='ltr'><strong>itte</strong></span> <span class='ocrx_word' id='word_1_20' title='bbox 1030 848 1170 914; x_wconf 87' lang='lat' dir='ltr'><strong>locorum</strong></span> 
     </span>
     <span class='ocr_line' id='line_1_5' title="bbox 196 959 893 1049; baseline -0.001 -22"><span class='ocrx_word' id='word_1_21' title='bbox 196 986 213 1027; x_wconf 81' lang='grc' dir='ltr'>ι</span> <span class='ocrx_word' id='word_1_22' title='bbox 231 962 439 1030; x_wconf 78' lang='lat' dir='ltr'><strong>commissario</strong></span> <span class='ocrx_word' id='word_1_23' title='bbox 457 959 644 1027; x_wconf 77' lang='lat' dir='ltr'><strong>nominando</strong></span> <span class='ocrx_word' id='word_1_24' title='bbox 658 960 850 1049; x_wconf 72' lang='lat' dir='ltr'><strong>magistratui</strong></span> <span class='ocrx_word' id='word_1_25' title='bbox 869 960 893 1026; x_wconf 86' lang='lat'><strong>¹.</strong></span> 
     </span>
    </p>

    <p class='ocr_par' dir='ltr' id='par_1_3' title="bbox 197 1071 1170 1278">
     <span class='ocr_line' id='line_1_6' title="bbox 239 1071 1170 1161; baseline -0.001 -22"><span class='ocrx_word' id='word_1_26' title='bbox 239 1076 367 1160; x_wconf 76' lang='lat' dir='ltr'><strong>Majores</strong></span> <span class='ocrx_word' id='word_1_27' title='bbox 395 1074 466 1159; x_wconf 83' lang='lat' dir='ltr'><strong>pegi</strong></span> <span class='ocrx_word' id='word_1_28' title='bbox 496 1095 552 1159; x_wconf 93' lang='lat' dir='ltr'><strong>pro</strong></span> <span class='ocrx_word' id='word_1_29' title='bbox 583 1073 763 1161; x_wconf 83' lang='lat' dir='ltr'><strong>suffregium</strong></span> <span class='ocrx_word' id='word_1_30' title='bbox 785 1071 954 1138; x_wconf 80' lang='lat' dir='ltr'><strong>ferentibus</strong></span> <span class='ocrx_word' id='word_1_31' title='bbox 978 1074 1170 1160; x_wconf 73' lang='lat' dir='ltr'><strong>septuaginta</strong></span> 
     </span>
     <span class='ocr_line' id='line_1_7' title="bbox 197 1186 896 1278; baseline -0.006 -23"><span class='ocrx_word' id='word_1_32' title='bbox 197 1191 456 1278; x_wconf 90' lang='lat' dir='ltr'><strong>quinquennum</strong></span> <span class='ocrx_word' id='word_1_33' title='bbox 476 1188 640 1251; x_wconf 79' lang='lat' dir='ltr'>electorem</span> <span class='ocrx_word' id='word_1_34' title='bbox 662 1188 854 1253; x_wconf 84' lang='lat' dir='ltr'><strong>constituunt</strong></span> <span class='ocrx_word' id='word_1_35' title='bbox 872 1186 896 1251; x_wconf 85' lang='lat'><strong>².</strong></span> 
     </span>
    </p>

    <p class='ocr_par' dir='ltr' id='par_1_4' title="bbox 197 1297 1172 1836">
     <span class='ocr_line' id='line_1_8' title="bbox 240 1297 1171 1388; baseline -0.005 -22"><span class='ocrx_word' id='word_1_36' title='bbox 240 1302 273 1366; x_wconf 88' lang='lat' dir='ltr'><strong>Si</strong></span> <span class='ocrx_word' id='word_1_37' title='bbox 282 1320 379 1386; x_wconf 85' lang='lat' dir='ltr'><strong>pegus</strong></span> <span class='ocrx_word' id='word_1_38' title='bbox 388 1297 498 1386; x_wconf 80' lang='lat' dir='ltr'><strong>uliquis</strong></span> <span class='ocrx_word' id='word_1_39' title='bbox 507 1298 758 1385; x_wconf 83' lang='lat' dir='ltr'><strong>suprr&#39;15inbmi</strong></span> <span class='ocrx_word' id='word_1_40' title='bbox 769 1298 882 1388; x_wconf 85' lang='lat' dir='ltr'><strong>grodus</strong></span> <span class='ocrx_word' id='word_1_41' title='bbox 892 1299 1050 1376; x_wconf 83' lang='lat' dir='ltr'><strong>electores,</strong></span> <span class='ocrx_word' id='word_1_42' title='bbox 1061 1318 1171 1363; x_wconf 89' lang='lat' dir='ltr'><strong>rerum</strong></span> 
     </span>
     <span class='ocr_line' id='line_1_9' title="bbox 197 1409 1170 1497; baseline -0.004 -21"><span class='ocrx_word' id='word_1_43' title='bbox 197 1411 357 1497; x_wconf 71' lang='lat' dir='ltr'><strong>panciores</strong></span> <span class='ocrx_word' id='word_1_44' title='bbox 390 1431 484 1496; x_wconf 81' lang='lat' dir='ltr'><strong>quem</strong></span> <span class='ocrx_word' id='word_1_45' title='bbox 512 1413 575 1476; x_wconf 86' lang='lat'><strong>120</strong></span> <span class='ocrx_word' id='word_1_46' title='bbox 596 1409 767 1484; x_wconf 76' lang='lat' dir='ltr'><strong>continent,</strong></span> <span class='ocrx_word' id='word_1_47' title='bbox 795 1410 956 1476; x_wconf 89' lang='lat' dir='ltr'><strong>nonlicet</strong></span> <span class='ocrx_word' id='word_1_48' title='bbox 981 1410 1011 1474; x_wconf 90' lang='lat' dir='ltr'><strong>ei</strong></span> <span class='ocrx_word' id='word_1_49' title='bbox 1036 1409 1170 1494; x_wconf 82' lang='lat' dir='ltr'><strong>priorem</strong></span> 
     </span>
     <span class='ocr_line' id='line_1_10' title="bbox 197 1521 1172 1609; baseline -0.003 -20"><span class='ocrx_word' id='word_1_50' title='bbox 197 1525 288 1589; x_wconf 85' lang='lat' dir='ltr'><strong>illum</strong></span> <span class='ocrx_word' id='word_1_51' title='bbox 304 1543 468 1588; x_wconf 88' lang='lat' dir='ltr'><strong>nnmemm</strong></span> <span class='ocrx_word' id='word_1_52' title='bbox 484 1521 665 1588; x_wconf 75' lang='lat' dir='ltr'><strong>excedentes</strong></span> <span class='ocrx_word' id='word_1_53' title='bbox 675 1523 708 1587; x_wconf 90' lang='lat' dir='ltr'><strong>in</strong></span> <span class='ocrx_word' id='word_1_54' title='bbox 717 1524 808 1589; x_wconf 77' lang='lat' dir='ltr'><strong>alium</strong></span> <span class='ocrx_word' id='word_1_55' title='bbox 823 1521 998 1588; x_wconf 72' lang='lat' dir='ltr'><strong>electorum</strong></span> <span class='ocrx_word' id='word_1_56' title='bbox 1013 1521 1172 1609; x_wconf 86' lang='lat' dir='ltr'><strong>regionem</strong></span> 
     </span>
     <span class='ocr_line' id='line_1_11' title="bbox 198 1634 1172 1724; baseline -0.004 -21"><span class='ocrx_word' id='word_1_57' title='bbox 198 1635 237 1703; x_wconf 84' lang='lat' dir='ltr'><strong>ed</strong></span> <span class='ocrx_word' id='word_1_58' title='bbox 253 1635 387 1724; x_wconf 87' lang='lat' dir='ltr'><strong>eligendi</strong></span> <span class='ocrx_word' id='word_1_59' title='bbox 403 1657 517 1700; x_wconf 92' lang='lat' dir='ltr'><strong>munus</strong></span> <span class='ocrx_word' id='word_1_60' title='bbox 526 1634 702 1701; x_wconf 90' lang='lat' dir='ltr'><strong>obeundum</strong></span> <span class='ocrx_word' id='word_1_61' title='bbox 712 1634 881 1715; x_wconf 81' lang='lat' dir='ltr'><strong>dimittere3</strong></span> <span class='ocrx_word' id='word_1_62' title='bbox 903 1634 1076 1720; x_wconf 90' lang='lat' dir='ltr'><strong>cujusmodi</strong></span> <span class='ocrx_word' id='word_1_63' title='bbox 1089 1634 1172 1700; x_wconf 91' lang='lat' dir='ltr'><strong>enim</strong></span> 
     </span>
     <span class='ocr_line' id='line_1_12' title="bbox 199 1744 1171 1836; baseline -0.001 -22"><span class='ocrx_word' id='word_1_64' title='bbox 199 1748 436 1816; x_wconf 84' lang='lat' dir='ltr'><strong>comociationes</strong></span> <span class='ocrx_word' id='word_1_65' title='bbox 454 1747 623 1813; x_wconf 86' lang='lat' dir='ltr'><strong>minoribus</strong></span> <span class='ocrx_word' id='word_1_66' title='bbox 641 1757 761 1814; x_wconf 82' lang='lat' dir='ltr'><strong>tentum</strong></span> <span class='ocrx_word' id='word_1_67' title='bbox 771 1747 899 1836; x_wconf 73' lang='lat' dir='ltr'><strong>pigellis</strong></span> <span class='ocrx_word' id='word_1_68' title='bbox 915 1748 1138 1834; x_wconf 89' lang='lat' dir='ltr'><strong>permittuntur</strong></span> <span class='ocrx_word' id='word_1_69' title='bbox 1147 1744 1171 1813; x_wconf 78' lang='lat'><strong>³.</strong></span> 
     </span>
    </p>

    <p class='ocr_par' dir='ltr' id='par_1_5' title="bbox 198 1859 1176 3760">
     <span class='ocr_line' id='line_1_13' title="bbox 242 1859 1173 1947; baseline -0.005 -20"><span class='ocrx_word' id='word_1_70' title='bbox 242 1863 283 1927; x_wconf 90' lang='lat' dir='ltr'><strong>Ut</strong></span> <span class='ocrx_word' id='word_1_71' title='bbox 306 1860 397 1947; x_wconf 80' lang='lat' dir='ltr'><strong>possit</strong></span> <span class='ocrx_word' id='word_1_72' title='bbox 416 1859 486 1946; x_wconf 90' lang='lat' dir='ltr'><strong>quis</strong></span> <span class='ocrx_word' id='word_1_73' title='bbox 513 1861 629 1926; x_wconf 81' lang='lat' dir='ltr'><strong>elector</strong></span> <span class='ocrx_word' id='word_1_74' title='bbox 655 1860 816 1938; x_wconf 89' lang='lat' dir='ltr'><strong>constitui,</strong></span> <span class='ocrx_word' id='word_1_75' title='bbox 839 1861 1009 1947; x_wconf 87' lang='lat' dir='ltr'><strong>requiritur</strong></span> <span class='ocrx_word' id='word_1_76' title='bbox 1026 1859 1173 1946; x_wconf 87' lang='lat' dir='ltr'><strong>possessio</strong></span> 
     </span>
     <span class='ocr_line' id='line_1_14' title="bbox 198 1970 1172 2061; baseline -0.001 -24"><span class='ocrx_word' id='word_1_77' title='bbox 198 1973 307 2053; x_wconf 78' lang='lat' dir='ltr'><strong>tundi,</strong></span> <span class='ocrx_word' id='word_1_78' title='bbox 326 1973 448 2061; x_wconf 88' lang='lat' dir='ltr'><strong>generis</strong></span> <span class='ocrx_word' id='word_1_79' title='bbox 468 1978 487 2061; x_wconf 87' lang='lat'>§</span> <span class='ocrx_word' id='word_1_80' title='bbox 507 1975 550 2038; x_wconf 88' lang='grc'><strong>76</strong></span> <span class='ocrx_word' id='word_1_81' title='bbox 574 1972 635 2060; x_wconf 88' lang='lat' dir='ltr'><strong>leg.</strong></span> <span class='ocrx_word' id='word_1_82' title='bbox 655 1970 695 2037; x_wconf 93' lang='lat' dir='ltr'><strong>de</strong></span> <span class='ocrx_word' id='word_1_83' title='bbox 712 1973 802 2040; x_wconf 83' lang='lat' dir='ltr'><strong>elect.</strong></span> <span class='ocrx_word' id='word_1_84' title='bbox 828 1973 975 2059; x_wconf 81' lang='lat' dir='ltr'><strong>expositi.</strong></span> <span class='ocrx_word' id='word_1_85' title='bbox 994 1972 1079 2039; x_wconf 93' lang='lat' dir='ltr'><strong>unde</strong></span> <span class='ocrx_word' id='word_1_86' title='bbox 1093 1994 1172 2059; x_wconf 87' lang='lat' dir='ltr'><strong>quo·</strong></span> 
     </span>
     <span class='ocr_line' id='line_1_15' title="bbox 198 2084 1170 2162; baseline -0.001 -11"><span class='ocrx_word' id='word_1_87' title='bbox 198 2086 299 2151; x_wconf 82' lang='lat' dir='ltr'><strong>tannis</strong></span> <span class='ocrx_word' id='word_1_88' title='bbox 337 2087 445 2152; x_wconf 90' lang='lat' dir='ltr'><strong>decem</strong></span> <span class='ocrx_word' id='word_1_89' title='bbox 480 2084 520 2151; x_wconf 79' lang='lat' dir='ltr'><strong>ed</strong></span> <span class='ocrx_word' id='word_1_90' title='bbox 560 2087 724 2150; x_wconf 85' lang='lat' dir='ltr'><strong>minimum</strong></span> <span class='ocrx_word' id='word_1_91' title='bbox 763 2085 871 2152; x_wconf 82' lang='lat' dir='ltr'><strong>thaleri</strong></span> <span class='ocrx_word' id='word_1_92' title='bbox 913 2087 1048 2152; x_wconf 79' lang='lat' dir='ltr'><strong>solvendi</strong></span> <span class='ocrx_word' id='word_1_93' title='bbox 1081 2096 1170 2162; x_wconf 87' lang='lat' dir='ltr'><strong>eunt,</strong></span> 
     </span>
     <span class='ocr_line' id='line_1_16' title="bbox 199 2197 1172 2286; baseline -0.002 -21"><span class='ocrx_word' id='word_1_94' title='bbox 199 2200 324 2265; x_wconf 90' lang='lat' dir='ltr'><strong>nomine</strong></span> <span class='ocrx_word' id='word_1_95' title='bbox 340 2199 538 2286; x_wconf 78' lang='lat' dir='ltr'><strong>vectigalium</strong></span> <span class='ocrx_word' id='word_1_96' title='bbox 557 2197 760 2284; x_wconf 81' lang='lat' dir='ltr'><strong>praedietium</strong></span> <span class='ocrx_word' id='word_1_97' title='bbox 783 2209 878 2284; x_wconf 84' lang='lat' dir='ltr'><strong>etque</strong></span> <span class='ocrx_word' id='word_1_98' title='bbox 896 2221 1014 2277; x_wconf 91' lang='lat' dir='ltr'><strong>eorum,</strong></span> <span class='ocrx_word' id='word_1_99' title='bbox 1036 2220 1117 2285; x_wconf 79' lang='lat' dir='ltr'><strong>quse</strong></span> <span class='ocrx_word' id='word_1_100' title='bbox 1138 2198 1172 2263; x_wconf 89' lang='lat' dir='ltr'><strong>in</strong></span> 
     </span>
     <span class='ocr_line' id='line_1_17' title="bbox 200 2308 1174 2397; baseline -0.001 -21"><span class='ocrx_word' id='word_1_101' title='bbox 200 2334 290 2376; x_wconf 89' lang='lat' dir='ltr'><strong>usum</strong></span> <span class='ocrx_word' id='word_1_102' title='bbox 334 2310 516 2376; x_wconf 80' lang='lat' dir='ltr'><strong>utendorum</strong></span> <span class='ocrx_word' id='word_1_103' title='bbox 559 2308 749 2395; x_wconf 88' lang='lat' dir='ltr'><strong>equestrium</strong></span> <span class='ocrx_word' id='word_1_104' title='bbox 786 2309 921 2376; x_wconf 85' lang='lat' dir='ltr'><strong>militum</strong></span> <span class='ocrx_word' id='word_1_105' title='bbox 964 2311 1174 2397; x_wconf 87' lang='lat' dir='ltr'><strong>percipientur</strong></span> 
     </span>
     <span class='ocr_line' id='line_1_18' title="bbox 200 2421 1175 2512; baseline 0.002 -24"><span class='ocrx_word' id='word_1_106' title='bbox 200 2421 376 2511; x_wconf 84' lang='lat' dir='ltr'><strong>(Schooken</strong></span> <span class='ocrx_word' id='word_1_107' title='bbox 392 2421 457 2487; x_wconf 90' lang='lat' dir='ltr'><strong>und</strong></span> <span class='ocrx_word' id='word_1_108' title='bbox 473 2422 682 2504; x_wconf 88' lang='lat' dir='ltr'><strong>Quetembern</strong></span> <span class='ocrx_word' id='word_1_109' title='bbox 697 2421 762 2488; x_wconf 89' lang='lat' dir='ltr'><strong>und</strong></span> <span class='ocrx_word' id='word_1_110' title='bbox 773 2422 1175 2512; x_wconf 76' lang='lat' dir='ltr'><strong>Cnreleriererpflegrmgs·</strong></span> 
     </span>
     <span class='ocr_line' id='line_1_19' title="bbox 201 2532 1173 2623; baseline 0.002 -23"><span class='ocrx_word' id='word_1_111' title='bbox 201 2532 340 2623; x_wconf 88' lang='lat' dir='ltr'><strong>geldem)</strong></span> <span class='ocrx_word' id='word_1_112' title='bbox 358 2534 392 2600; x_wconf 91' lang='lat' dir='ltr'><strong>in</strong></span> <span class='ocrx_word' id='word_1_113' title='bbox 405 2534 532 2600; x_wconf 80' lang='lat' dir='ltr'><strong>Lusscid</strong></span> <span class='ocrx_word' id='word_1_114' title='bbox 553 2555 625 2600; x_wconf 83' lang='lat' dir='ltr'><strong>vero</strong></span> <span class='ocrx_word' id='word_1_115' title='bbox 643 2536 815 2622; x_wconf 64' lang='lat' dir='ltr'><strong>Superiori·</strong></span> <span class='ocrx_word' id='word_1_116' title='bbox 834 2537 959 2603; x_wconf 89' lang='lat' dir='ltr'><strong>nomine</strong></span> <span class='ocrx_word' id='word_1_117' title='bbox 973 2537 1173 2615; x_wconf 89' lang='lat' dir='ltr'><strong>tributorum,</strong></span> 
     </span>
     <span class='ocr_line' id='line_1_20' title="bbox 201 2648 1174 2736; baseline 0 -21"><span class='ocrx_word' id='word_1_118' title='bbox 201 2650 316 2736; x_wconf 89' lang='lat' dir='ltr'><strong>quibus</strong></span> <span class='ocrx_word' id='word_1_119' title='bbox 340 2648 503 2735; x_wconf 75' lang='lat' dir='ltr'><strong>appellatio</strong></span> <span class='ocrx_word' id='word_1_120' title='bbox 524 2659 570 2713; x_wconf 90' lang='lat' dir='ltr'><strong>est</strong></span> <span class='ocrx_word' id='word_1_121' title='bbox 588 2650 789 2716; x_wconf 78' lang='lat' dir='ltr'><strong>Germanice:</strong></span> <span class='ocrx_word' id='word_1_122' title='bbox 808 2649 931 2717; x_wconf 82' lang='lat' dir='ltr'><strong>Reuob-</strong></span> <span class='ocrx_word' id='word_1_123' title='bbox 948 2651 1023 2716; x_wconf 87' lang='lat' dir='ltr'><strong>oder</strong></span> <span class='ocrx_word' id='word_1_124' title='bbox 1043 2648 1174 2717; x_wconf 83' lang='lat' dir='ltr'><strong>Grund-</strong></span> 
     </span>
     <span class='ocr_line' id='line_1_21' title="bbox 201 2760 1172 2850; baseline 0.002 -22"><span class='ocrx_word' id='word_1_125' title='bbox 201 2775 311 2840; x_wconf 88' lang='lat' dir='ltr'><strong>steuer‚</strong></span> <span class='ocrx_word' id='word_1_126' title='bbox 332 2764 459 2829; x_wconf 77' lang='lat' dir='ltr'><strong>Robons</strong></span> <span class='ocrx_word' id='word_1_127' title='bbox 481 2760 546 2827; x_wconf 90' lang='lat' dir='ltr'><strong>und</strong></span> <span class='ocrx_word' id='word_1_128' title='bbox 567 2762 812 2850; x_wconf 87' lang='lat' dir='ltr'><strong>Portionsgelder</strong></span> <span class='ocrx_word' id='word_1_129' title='bbox 827 2763 892 2828; x_wconf 87' lang='lat' dir='ltr'><strong>und</strong></span> <span class='ocrx_word' id='word_1_130' title='bbox 913 2762 1133 2850; x_wconf 83' lang='lat' dir='ltr'><strong>Grundonloge</strong></span> <span class='ocrx_word' id='word_1_131' title='bbox 1148 2763 1172 2830; x_wconf 78' lang='lat'><strong>⁸.</strong></span> 
     </span>
     <span class='ocr_line' id='line_1_22' title="bbox 200 2875 1173 2965; baseline -0.002 -22"><span class='ocrx_word' id='word_1_132' title='bbox 200 2879 238 2943; x_wconf 87' lang='lat' dir='ltr'><strong>ln</strong></span> <span class='ocrx_word' id='word_1_133' title='bbox 256 2878 383 2965; x_wconf 84' lang='lat' dir='ltr'><strong>singulis</strong></span> <span class='ocrx_word' id='word_1_134' title='bbox 397 2877 574 2965; x_wconf 86' lang='lat' dir='ltr'><strong>regionibus</strong></span> <span class='ocrx_word' id='word_1_135' title='bbox 589 2876 741 2943; x_wconf 87' lang='lat' dir='ltr'><strong>electoriis</strong></span> <span class='ocrx_word' id='word_1_136' title='bbox 760 2887 868 2943; x_wconf 85' lang='lat' dir='ltr'><strong>curent</strong></span> <span class='ocrx_word' id='word_1_137' title='bbox 882 2875 1091 2954; x_wconf 80' lang='lat' dir='ltr'><strong>commissarii,</strong></span> <span class='ocrx_word' id='word_1_138' title='bbox 1107 2886 1173 2941; x_wconf 84' lang='lat' dir='ltr'><strong>ute</strong></span> 
     </span>
     <span class='ocr_line' id='line_1_23' title="bbox 202 2988 1174 3078; baseline -0.003 -22"><span class='ocrx_word' id='word_1_139' title='bbox 202 2991 428 3078; x_wconf 74' lang='lat' dir='ltr'><strong>magistratibus</strong></span> <span class='ocrx_word' id='word_1_140' title='bbox 447 2989 629 3056; x_wconf 79' lang='lat' dir='ltr'><strong>conficietur</strong></span> <span class='ocrx_word' id='word_1_141' title='bbox 647 2990 738 3055; x_wconf 87' lang='lat' dir='ltr'><strong>series</strong></span> <span class='ocrx_word' id='word_1_142' title='bbox 755 3011 880 3064; x_wconf 86' lang='lat' dir='ltr'><strong>eorum,</strong></span> <span class='ocrx_word' id='word_1_143' title='bbox 896 2988 1009 3075; x_wconf 88' lang='lat' dir='ltr'><strong>quibus</strong></span> <span class='ocrx_word' id='word_1_144' title='bbox 1031 2988 1174 3074; x_wconf 80' lang='lat' dir='ltr'><strong>requisita</strong></span> 
     </span>
     <span class='ocr_line' id='line_1_24' title="bbox 204 3100 1174 3191; baseline -0.001 -24"><span class='ocrx_word' id='word_1_145' title='bbox 204 3113 369 3168; x_wconf 78' lang='lat' dir='ltr'><strong>memorate</strong></span> <span class='ocrx_word' id='word_1_146' title='bbox 387 3102 583 3188; x_wconf 79' lang='lat' dir='ltr'><strong>suppeditent</strong></span> <span class='ocrx_word' id='word_1_147' title='bbox 595 3102 619 3168; x_wconf 82' lang='lat'><strong>⁵.</strong></span> <span class='ocrx_word' id='word_1_148' title='bbox 652 3102 710 3168; x_wconf 88' lang='lat' dir='ltr'><strong>Ubi</strong></span> <span class='ocrx_word' id='word_1_149' title='bbox 725 3103 759 3167; x_wconf 89' lang='lat' dir='ltr'><strong>in</strong></span> <span class='ocrx_word' id='word_1_150' title='bbox 770 3103 874 3189; x_wconf 77' lang='lat' dir='ltr'><strong>eliqua</strong></span> <span class='ocrx_word' id='word_1_151' title='bbox 890 3102 1016 3191; x_wconf 84' lang='lat' dir='ltr'><strong>regione</strong></span> <span class='ocrx_word' id='word_1_152' title='bbox 1030 3100 1174 3167; x_wconf 75' lang='lat' dir='ltr'><strong>electoris</strong></span> 
     </span>
     <span class='ocr_line' id='line_1_25' title="bbox 203 3212 1174 3303; baseline -0.005 -21"><span class='ocrx_word' id='word_1_153' title='bbox 203 3238 266 3283; x_wconf 92' lang='lat' dir='ltr'><strong>non</strong></span> <span class='ocrx_word' id='word_1_154' title='bbox 288 3215 387 3282; x_wconf 80' lang='lat' dir='ltr'><strong>adsint</strong></span> <span class='ocrx_word' id='word_1_155' title='bbox 405 3217 544 3303; x_wconf 88' lang='lat' dir='ltr'><strong>quinque</strong></span> <span class='ocrx_word' id='word_1_156' title='bbox 562 3212 600 3280; x_wconf 81' lang='lat' dir='ltr'><strong>od</strong></span> <span class='ocrx_word' id='word_1_157' title='bbox 621 3215 787 3280; x_wconf 89' lang='lat' dir='ltr'><strong>minimum</strong></span> <span class='ocrx_word' id='word_1_158' title='bbox 809 3216 1030 3301; x_wconf 74' lang='lat' dir='ltr'><strong>praescriptum</strong></span> <span class='ocrx_word' id='word_1_159' title='bbox 1047 3234 1174 3279; x_wconf 88' lang='lat' dir='ltr'><strong>censum</strong></span> 
     </span>
     <span class='ocr_line' id='line_1_26' title="bbox 204 3328 1176 3417; baseline -0.005 -22"><span class='ocrx_word' id='word_1_160' title='bbox 204 3330 404 3417; x_wconf 90' lang='lat' dir='ltr'><strong>possidentes,</strong></span> <span class='ocrx_word' id='word_1_161' title='bbox 418 3329 581 3416; x_wconf 88' lang='lat' dir='ltr'><strong>supplendi</strong></span> <span class='ocrx_word' id='word_1_162' title='bbox 600 3328 696 3416; x_wconf 79' lang='lat' dir='ltr'><strong>gretid</strong></span> <span class='ocrx_word' id='word_1_163' title='bbox 716 3329 903 3395; x_wconf 75' lang='lat' dir='ltr'><strong>adsciscendi</strong></span> <span class='ocrx_word' id='word_1_164' title='bbox 922 3340 1008 3406; x_wconf 90' lang='lat' dir='ltr'><strong>sunt,</strong></span> <span class='ocrx_word' id='word_1_165' title='bbox 1033 3328 1089 3414; x_wconf 91' lang='lat' dir='ltr'><strong>qui</strong></span> <span class='ocrx_word' id='word_1_166' title='bbox 1108 3336 1176 3412; x_wconf 90' lang='lat' dir='ltr'><strong>post</strong></span> 
     </span>
     <span class='ocr_line' id='line_1_27' title="bbox 206 3438 1173 3528; baseline -0.005 -20"><span class='ocrx_word' id='word_1_167' title='bbox 206 3465 255 3508; x_wconf 88' lang='lat' dir='ltr'><strong>eos</strong></span> <span class='ocrx_word' id='word_1_168' title='bbox 276 3443 445 3528; x_wconf 90' lang='lat' dir='ltr'><strong>plurimum</strong></span> <span class='ocrx_word' id='word_1_169' title='bbox 460 3441 568 3507; x_wconf 90' lang='lat' dir='ltr'><strong>tributi</strong></span> <span class='ocrx_word' id='word_1_170' title='bbox 587 3443 719 3519; x_wconf 83' lang='lat' dir='ltr'><strong>solvunt,</strong></span> <span class='ocrx_word' id='word_1_171' title='bbox 738 3441 864 3526; x_wconf 81' lang='lat' dir='ltr'><strong>modo§</strong></span> <span class='ocrx_word' id='word_1_172' title='bbox 881 3447 924 3510; x_wconf 80' lang='lat'><strong>50</strong></span> <span class='ocrx_word' id='word_1_173' title='bbox 944 3440 1004 3528; x_wconf 90' lang='lat' dir='ltr'><strong>leg.</strong></span> <span class='ocrx_word' id='word_1_174' title='bbox 1026 3439 1066 3505; x_wconf 93' lang='lat' dir='ltr'><strong>de</strong></span> <span class='ocrx_word' id='word_1_175' title='bbox 1085 3438 1173 3504; x_wconf 84' lang='lat' dir='ltr'><strong>elect.</strong></span> 
     </span>
     <span class='ocr_line' id='line_1_28' title="bbox 205 3555 1175 3644; baseline -0.007 -23"><span class='ocrx_word' id='word_1_176' title='bbox 205 3556 338 3622; x_wconf 78' lang='lat' dir='ltr'><strong>indicato</strong></span> <span class='ocrx_word' id='word_1_177' title='bbox 351 3557 375 3623; x_wconf 82' lang='lat'><strong>⁶.</strong></span> <span class='ocrx_word' id='word_1_178' title='bbox 399 3556 488 3639; x_wconf 86' lang='lat' dir='ltr'><strong>Quod</strong></span> <span class='ocrx_word' id='word_1_179' title='bbox 504 3555 667 3644; x_wconf 84' lang='lat' dir='ltr'><strong>supplendi</strong></span> <span class='ocrx_word' id='word_1_180' title='bbox 681 3576 810 3633; x_wconf 89' lang='lat' dir='ltr'><strong>munus,</strong></span> <span class='ocrx_word' id='word_1_181' title='bbox 820 3576 892 3621; x_wconf 74' lang='lat' dir='ltr'><strong>casu</strong></span> <span class='ocrx_word' id='word_1_182' title='bbox 901 3555 922 3639; x_wconf 68' lang='grc'><em>3</em></span> <span class='ocrx_word' id='word_1_183' title='bbox 937 3558 980 3622; x_wconf 86' lang='grc'><strong>80</strong></span> <span class='ocrx_word' id='word_1_184' title='bbox 997 3562 1175 3628; x_wconf 78' lang='lat' dir='ltr'><strong>memorato,</strong></span> 
     </span>
     <span class='ocr_line' id='line_1_29' title="bbox 206 3664 1175 3760; baseline -0.009 -24"><span class='ocrx_word' id='word_1_185' title='bbox 206 3672 392 3760; x_wconf 76' lang='lat' dir='ltr'><strong>magistratui</strong></span> <span class='ocrx_word' id='word_1_186' title='bbox 421 3668 626 3736; x_wconf 78' lang='lat' dir='ltr'><strong>moderandae</strong></span> <span class='ocrx_word' id='word_1_187' title='bbox 649 3669 793 3734; x_wconf 82' lang='lat' dir='ltr'><strong>electioni</strong></span> <span class='ocrx_word' id='word_1_188' title='bbox 812 3667 982 3754; x_wconf 74' lang='lat' dir='ltr'><strong>praeposito</strong></span> <span class='ocrx_word' id='word_1_189' title='bbox 1002 3664 1175 3742; x_wconf 85' lang='lat' dir='ltr'><strong>incumbit,</strong></span> 
     </span>
    </p>
   </div>
   <div class='ocr_carea' id='block_1_3' title="bbox 244 4047 988 4212">
    <p class='ocr_par' dir='ltr' id='par_1_6' title="bbox 244 4047 988 4212">
     <span class='ocr_line' id='line_1_30' title="bbox 323 4047 988 4117; baseline -0.012 -13"><span class='ocrx_word' id='word_1_190' title='bbox 323 4088 330 4104; x_wconf 93' lang='lat'><strong><em>.</em></strong></span> <span class='ocrx_word' id='word_1_191' title='bbox 415 4090 421 4101; x_wconf 94' lang='lat'>.</span> <span class='ocrx_word' id='word_1_192' title='bbox 711 4047 988 4117; x_wconf 49' lang='lat' dir='ltr'><strong>‘ruspensi</strong></span> 
     </span>
     <span class='ocr_line' id='line_1_31' title="bbox 244 4140 985 4212; baseline -0.003 -18"><span class='ocrx_word' id='word_1_193' title='bbox 244 4146 331 4195; x_wconf 72' lang='lat'><strong>⁸¹.</strong></span> <span class='ocrx_word' id='word_1_194' title='bbox 415 4144 515 4210; x_wconf 69' lang='lat' dir='ltr'><strong>,mu</strong></span> <span class='ocrx_word' id='word_1_195' title='bbox 711 4140 985 4212; x_wconf 49' lang='lat' dir='ltr'><strong>‘rustecus</strong></span> 
     </span>
    </p>
   </div>
   <div class='ocr_carea' id='block_1_4' title="bbox 0 0 1388 4740">
    <p class='ocr_par' dir='ltr' id='par_1_7' title="bbox 0 0 1388 4740">
     <span class='ocr_line' id='line_1_32' title="bbox 0 0 1388 4740; baseline 0 0"><span class='ocrx_word' id='word_1_196' title='bbox 0 0 1388 4740; x_wconf 95' lang='lat' dir='ltr'><strong> </strong></span> 
     </span>
    </p>
   </div>
  </div>
 </body>
</html>
