2738 4740
64 4270 151 4460 N

737 442 798 504 114
867 448 870 452 ’

278 625 453 691 inferendae
470 626 548 692 visco
562 624 693 702 fuerint,
716 645 765 689 cos
783 623 903 688 nonnisi
927 621 1148 688 consultatione
1174 640 1246 684 cum

278 737 445 804 Ordinibus
463 736 616 815 instituto,
638 734 745 802 induci
766 746 905 822 oportere
930 735 953 800 ¹.
993 733 1134 818 Denique
1155 731 1248 796 edicit

279 874 347 930 rex,
370 874 419 929 so,
441 850 565 938 qusndo
582 849 799 915 universalium
817 848 969 915 Ordinum
985 845 1151 911 necessaria
1169 865 1248 909 con·

278 963 395 1029 vocatio
409 963 559 1040 babendo,
571 982 696 1049 quoquc
708 971 775 1026 tum
787 960 877 1024 modo
892 960 939 1024 illi
958 981 994 1023 cx
1011 955 1247 1044 provincialibus

277 1077 458 1143 desumendi
476 1077 573 1149 futuri
594 1078 669 1153 sint,
694 1075 822 1139 ulterius
844 1072 1043 1138 definiturum
1065 1070 1090 1133 ².

319 1189 552 1255 Transeundum
569 1210 654 1253 nunc
674 1199 718 1252 cst
737 1186 775 1252 ud
795 1188 901 1275 logum
915 1186 954 1251 dc
969 1185 1157 1272 singulorum
1171 1202 1248 1265 pro-

276 1301 445 1368 vinciarum
461 1301 627 1368 Ordinibus
639 1299 739 1387 capita
749 1300 912 1386 praecipuo
923 1295 1115 1384 exponenda,
1136 1295 1169 1359 in
1185 1315 1247 1379 qua

276 1438 311 1482 rc
336 1418 381 1482 sic
400 1415 546 1481 venaturi
565 1437 686 1492 sumus,
717 1425 753 1478 ut
770 1415 907 1498 ipsorum
932 1409 1086 1507 Opdinum
1111 1409 1143 1471 in
1160 1406 1248 1471 variis

276 1528 438 1615 provinciis
462 1529 611 1593 rationem
635 1527 727 1591 simul
755 1524 980 1604 descrilumus,
1014 1542 1094 1607 quo,
1120 1519 1146 1582 si
1172 1515 1247 1603 quid

276 1642 458 1708 discriminis
479 1642 562 1729 quod
585 1640 624 1707 ud
644 1639 736 1706 basce
752 1637 940 1720 intercedat,
959 1633 1145 1701 manifestius
1157 1633 1247 1695 etiam

276 1754 371 1838 possit
389 1774 545 1841 uppsrero.
603 1820 605 1825 ,

481 1869 495 1899 ⁸

728 1952 802 2032 §3.

481 2111 534 2180 Dc
552 2116 659 2179 uariis
683 2110 862 2179 Ordsin'bus
881 2117 1043 2177 universe.

319 2315 389 2379 Non
409 2314 501 2398 plsno
520 2313 627 2380 ecdem
643 2325 688 2380 cst
703 2313 856 2383 Ordioum
873 2314 907 2379 iu
928 2312 1071 2379 omnibus
1083 2315 1247 2401 provinciis

276 2425 364 2513 regni
372 2424 523 2491 Bnrussici
533 2428 618 2491 ratio:
630 2428 743 2493 etenim
750 2438 809 2491 tres
817 2426 968 2492 habentur
977 2429 1129 2492 sociorum
1139 2431 1247 2495 classes

275 2536 308 2601 in
317 2536 569 2625 brandenburgid
581 2560 618 2603 ac
627 2539 753 2604 Lusacit
764 2539 898 2603 infcriori
908 2586 916 2616 ‚
928 2540 960 2602 in
972 2539 1112 2604 Borussid
1123 2543 1247 2625 proprie

274 2647 320 2714 sic
331 2646 429 2725 dictu,
447 2649 480 2713 in
494 2649 689 2732 Pomeronid‚
706 2651 739 2714 in
753 2651 861 2716 Poenici
871 2651 894 2716 ³:
910 2663 1043 2737 quatuor
1052 2674 1123 2717 vero
1131 2653 1163 2717 in
1173 2675 1246 2739 pro·

275 2760 383 2827 vinciis
399 2760 570 2842 Rhenanis,
595 2763 628 2827 in
638 2763 846 2851 Westpbalid‚
869 2765 901 2828 in
916 2765 1046 2830 Saxonid
1062 2765 1087 2832 l.
1121 2767 1155 2829 ln
1179 2767 1247 2831 aliis

275 2873 392 2941 scilicet
401 2873 487 2940 deest
499 2874 573 2941 ordo
581 2876 737 2941 Nobilium
751 2876 999 2943 immediatorum
1008 2888 1038 2943 ct
1048 2878 1245 2956 clericorum,

275 2988 308 3053 in
340 2988 406 3054 aliis
434 2987 617 3073 conjunctus
644 3001 688 3055 est
719 3012 790 3055 cum
818 2990 1157 3056 minorum-Nobilium
1184 2992 1248 3057 sive

275 3100 437 3186 liquitctus
456 3101 573 3167 ordine.
603 3103 639 3167 ln
660 3103 773 3189 quibus
791 3124 863 3168 vero
879 3102 1042 3189 provinciis
1053 3105 1181 3189 separati
1199 3105 1246 3169 illi

275 3211 439 3292 habentur,
454 3215 665 3303 quaternarius
678 3238 824 3282 numerus
842 3216 990 3282 officitur:
1011 3213 1041 3304 t)
1053 3218 1247 3303 Principibus

276 3328 351 3406 illis,
371 3338 425 3394 cut
440 3328 592 3414 adjunctis
603 3329 787 3417 quibusdam
805 3329 994 3396 Clericorum
1011 3330 1174 3415 Cepitulis,
1193 3342 1248 3395 sut

276 3464 338 3508 nou
360 3442 527 3529 adjunctis:
549 3440 582 3531 2)
604 3444 764 3531 liquitutus
784 3442 900 3509 ordine:
923 3445 956 3529 3)
977 3443 1124 3509 Urbibus:
1148 3442 1180 3530 l)
1197 3466 1246 3508 re-

275 3555 379 3643 liquis,
404 3567 526 3644 praeter.
546 3557 678 3638 Nobiles,
699 3577 844 3645 agrorum
863 3555 1006 3622 dominis.
1033 3558 1121 3635 Rem,
1150 3557 1245 3621 veluti

275 3761 492 3774 -————

311 3851 319 3884 ¹
338 3854 393 3903 llud.
412 3854 462 3917 lex,
479 3870 548 3923 vers..
559 3855 601 3906 lin.
769 3852 853 3903 *ms
871 3854 923 3916 lex,
938 3869 998 3903 vers.
1016 3853 1057 3903 lin.

310 3942 387 3994 'Lex
408 3947 438 3994 de
455 3948 588 3998 Brundenb.
607 3957 631 3997 et
647 3947 732 3997 Lusco.
756 3947 803 3995 tut.
821 3947 834 4013 §
850 3943 876 4008 2,
898 3947 939 3995 lex
956 3946 985 3993 ds
1003 3948 1097 3994 lloruss¹
1116 3961 1193 4008 propr.
1211 3946 1246 3992 ric

276 4035 333 4084 dict.
349 4039 362 4102 p
378 4036 404 4101 2,
423 4039 464 4087 lex
481 4041 511 4088 de
528 4043 650 4090 Pomersn.
667 4041 682 4107 §
698 4039 725 4102 2,
742 4041 783 4089 lex
800 4040 830 4088 dc
849 4041 919 4089 Pom.
936 4041 949 4106 p
966 4036 992 4088 2.

311 4126 321 4160 ⁶
339 4129 386 4177 Lex
403 4130 433 4179 de
450 4134 517 4183 Pron.
536 4133 612 4182 llbeu.
629 4135 643 4200 l
660 4130 685 4197 2,
710 4134 740 4181 de
755 4131 859 4197 Wntpb.
876 4133 890 4198 p
907 4129 933 4196 2,
955 4132 984 4182 de
1001 4132 1087 4182 eron.
1110 4131 1123 4198 p
1141 4129 1166 4178 2.
