2738 4740
590 442 652 504 150

137 627 330 695 mandatariis
348 627 528 691 incumbere
545 624 681 690 officium
701 633 848 688 statuatur
858 623 883 699 ¹,
900 622 984 709 quod
1000 632 1107 689 temen

137 741 263 829 singulis
285 739 398 805 civium
418 737 561 803 classibus
576 737 717 822 propriae
737 734 899 800 attributae
918 746 1018 821 partes
1037 735 1107 800 fue·

138 863 227 931 runt,
254 850 331 916 illud
357 849 517 915 nationum
540 848 796 915 Germanicarum
818 858 886 912 tum
913 845 1011 912 indoli
1036 858 1106 911 tum

138 964 278 1051 politicae
291 962 458 1029 conditioni
478 959 592 1048 optime
610 959 875 1026 accommodatum
885 960 1106 1024 existimamus.

182 1079 285 1164 Atque
306 1074 380 1141 huic
407 1075 521 1162 pariter
541 1074 604 1161 legi
631 1073 791 1159 publicae,
811 1073 917 1149 variis,
947 1093 1027 1158 quae
1053 1072 1109 1137 illa

139 1189 393 1266 continebantur,
417 1186 588 1253 accuratius
605 1184 784 1251 definiendis
806 1185 967 1272 capitibus,
984 1184 1107 1262 decem,

139 1301 276 1389 ejusdem
295 1300 355 1366 diei
377 1323 451 1387 prae
469 1321 502 1365 se
520 1299 649 1365 fatentia
666 1299 803 1378 titulum,
821 1299 964 1384 adjuncta
981 1298 1110 1363 luerunt

140 1415 239 1481 edicta
259 1414 284 1493 ²,
307 1435 460 1501 quorum,
488 1413 573 1499 quod
597 1412 742 1477 ultimum
764 1413 796 1476 in
823 1411 875 1476 illa
898 1411 975 1476 serie
1001 1413 1108 1477 locum

140 1527 321 1614 occuparit,
344 1547 443 1613 quum
454 1524 501 1589 de
520 1522 663 1590 ordinum
682 1534 836 1589 conventu
859 1523 1028 1608 subjectam
1050 1523 1110 1589 sibi

139 1638 255 1706 babens
291 1638 521 1714 tractationem,
565 1636 715 1722 ejusmodi
749 1637 851 1702 omnia
886 1638 1111 1722 complectatur

140 1761 321 1839 praecepta,
341 1771 421 1837 qnae
440 1749 479 1814 ad
500 1748 711 1836 eligendorum
732 1749 993 1816 mandataricrum
1012 1750 1110 1816 ritum

141 1863 390 1949 conditionesque
414 1861 506 1927 unice
523 1861 715 1947 pertineant,
734 1863 823 1946 juxta
843 1863 938 1948 ipsius
954 1863 1031 1948 legis
1049 1886 1110 1949 pu·

140 1977 241 2043 blicae
253 1976 312 2042 Tit.
328 1976 411 2052 Vlffl,
429 1995 492 2061 quo
511 1973 653 2061 primaria
674 1974 713 2040 de
733 1973 876 2039 ordinum
898 1973 1112 2042 distributione

141 2099 349 2176 coetuumque
371 2086 588 2173 compositione
609 2087 722 2172 placita
740 2099 969 2174 proponuntur,
992 2088 1111 2154 fontem

141 2354 180 2404 die
198 2355 464 2419 studueram-tang,
480 2357 530 2406 und
546 2372 610 2405 esras
626 2374 657 2405 aa
667 2357 723 2421 Jede
740 2356 781 2405 der
798 2357 884 2405 beiden
901 2359 1026 2406 [amnem
1044 2359 1114 2407 brin-

142 2462 195 2512 gea.
212 2449 249 2511 (T.
267 2447 333 2515 IIII)
364 2447 408 2496 Ilie
430 2447 630 2498 (leriebtsbarbsit
654 2447 710 2513 ‘ebt
733 2467 787 2499 eom
803 2451 893 2514 Kbaige
910 2467 961 2501 ens.
996 2452 1050 2502 tlte
1067 2453 1114 2500 (le-

142 2537 304 2588 siebtsstsllen
320 2538 373 2587 eiad
391 2539 528 2589 verbanden
544 2540 612 2588 ibren
629 2532 751 2590 llrtbeilen
768 2543 1043 2608 lintsobeidungsgrdnde
1062 2544 1114 2592 bei·

143 2631 251 2694 sutores.
285 2631 329 2680 ute
351 2630 460 2681 deviabis
484 2632 537 2680 sind
560 2633 687 2682 inneabslb
712 2634 754 2683 der
777 2636 883 2683 Gadareus
899 2636 963 2685 ihrer
983 2636 1114 2686 smtliolten

143 2723 267 2788 lleiagniss
284 2723 442 2789 unsbb's'ugig,
457 2725 507 2774 and
524 2724 668 2775 dieIliolstea
684 2728 779 2776 kenred
792 2746 837 2777 nar
847 2727 921 2778 dareb
932 2730 1000 2778 einen
1011 2729 1116 2778 lteobts·

143 2816 229 2880 spsnols
256 2832 304 2867 ron
326 2816 395 2866 ibren
414 2818 506 2866 Stelleu
530 2819 649 2868 entlassen
665 2819 769 2869 'erdem
785 2821 824 2889 (t.
840 2822 874 2890 X)
900 2824 943 2871 llis
960 2822 1115 2886 bdnigbcben

144 2910 328 2960 suaeuiaister
336 2910 386 2960 und
396 2911 719 2961 s'InrntliclreaStaatsdiener
728 2912 780 2961 sind
791 2913 828 2963 ter
837 2912 875 2961 die
883 2930 972 2977 genam
983 2915 1116 2980 lielelguag

144 3004 186 3053 der
202 3004 343 3068 Μυκη
360 3004 562 3055 resentvortlieb.
594 3005 779 3069 Ibtnderungen
804 3007 830 3055 in
855 3007 901 3056 den
924 3007 1115 3073 Besdnmungen

144 3097 186 3147 der
204 3097 474 3162 Ierisesungsnrkunde,
491 3099 548 3147 odes
563 3099 661 3150 zusaue
678 3116 708 3147 aa
725 3101 860 3164 desselben,
878 3103 972 3150 Idonea
988 3102 1051 3151 obne
1063 3103 1115 3153 Za·

145 3192 272 3254 stinnnng
287 3190 329 3239 der
345 3192 431 3242 tuate
447 3192 514 3241 nieht
529 3191 670 3255 gerebelrsn.

180 3281 188 3314 ¹
207 3283 287 3333 doust.
304 3281 329 3331 d.
345 3279 382 3332 26
396 3283 453 3347 uajt
471 3280 548 3345 tete,
564 3286 591 3333 Τ.
609 3286 662 3348 Ill,
682 3285 696 3354 ς
713 3282 757 3348 25,
775 3286 832 3336 eolt
849 3286 930 3336 Edicto
946 3287 976 3336 ds
991 3287 1115 3337 corvem
1172 3349 1174 3354 Ι

143 3373 254 3424 Ortlisnns
270 3374 347 3439 ejusd.
364 3374 421 3438 dlei,
437 3377 466 3424 T.
483 3376 516 3437 ll,
533 3376 546 3440 d
563 3374 605 3426 56.

177 3465 189 3500 ²
204 3467 311 3517 Idietnm
327 3469 369 3531 ln,
379 3467 409 3517 de
424 3467 550 3530 indiaeniu
561 3469 615 3531 llfl,
628 3468 720 3533 dejure
735 3469 831 3533 publico
842 3470 905 3520 circs
921 3487 1023 3520 merses
1037 3471 1116 3519 socie-

143 3565 204 3607 uses
219 3558 399 3616 ecclesiastieae
423 3559 489 3623 111m,
513 3559 543 3609 de
560 3559 671 3609 libertate
694 3562 755 3624 preli
779 3577 807 3611 se
830 3563 944 3613 librorum
966 3564 1115 3620 commerci03

144 3651 241 3715 truta
253 3651 349 3717 juribus
365 3651 462 3700 illoram
476 3652 603 3716 superioris
617 3652 706 3703 ordinis
720 3655 845 3718 nobiliu,
859 3657 1012 3719 qniststibus
1022 3657 1118 3719 Imperii

143 3743 200 3793 oti·
209 3744 306 3795 fuerim
316 3745 473 3804 adnumeratia
493 3747 539 3809 In,
552 3746 582 3795 ds
593 3747 727 3806 nobilitates
740 3749 800 3810 un,
808 3747 838 3798 de
851 3766 957 3812 agrorum
967 3750 1116 3799 dominorum

139 3837 233 3902 juribus
248 3837 325 3901 deque
335 3837 500 3902 jurisdictione
516 3839 673 3903 petrineuslk
694 3839 765 3902 tna,
775 3839 805 3890 de
818 3840 1001 3891 fideicommissis
1017 3843 1117 3905 gentili-

142 3930 194 3987 eiis3
204 3931 287 3992 tntu,
301 3931 330 3979 de
342 3933 397 3995 jure
405 3931 493 3995 proprii
501 3931 575 3995 sigilli
585 3932 824 4000 (dieplmiesigkeitb
837 3935 904 3998 lxm,
918 3935 947 3984 de
961 3935 1117 3998 reipublicae

144 4022 326 4086 usfiumtibuu
343 4024 397 4087 1¹¹,
421 4023 451 4074 de
469 4034 587 4075 conventa
608 4025 725 4078 ordinum
748 4027 782 4077 ct.
800 4032 890 4088 edun,
912 4030 995 4091 Europ.
1012 4029 1115 4078 Ierlsss.

143 4116 162 4165 1.
182 4131 204 4163 s.
220 4135 243 4180 p.
264 4112 328 4179 132,
345 4130 499 4181 emensus,
512 4119 538 4169 l.
555 4122 575 4181 l,
592 4117 645 4184 §2
