2738 4740
735 469 777 531 62

271 655 437 741 spiceretur
456 653 478 720 ¹.
521 650 653 729 Deinde,
676 652 781 736 paucis
807 659 875 734 post
898 649 1072 724 mensibus,
1097 669 1244 734 magnus·

271 766 331 830 dur
349 766 472 830 Hasaiae
493 763 757 845 Dannstadtensis,
778 784 815 826 ex
831 761 985 847 potestatis
1002 782 1075 825 suae
1096 760 1243 844 plenitu-

270 876 342 943 dine
374 876 440 966 (aus
458 874 752 952 landesberrlicber,
774 871 1038 939 mbenhronkrer
1057 871 1244 938 blachtroli-

269 987 492 1076 kommenbeit)
517 988 681 1054 consilium
711 985 791 1051 ittud
821 1008 978 1075 agressum
1006 1008 1040 1050 se
1064 986 1242 1072 praedicans

269 1102 399 1188 ejusque
421 1113 487 1166 tum
507 1102 570 1180 illa,
592 1122 673 1188 quae
692 1099 785 1164 modo
798 1098 945 1191 diximus,
967 1110 1148 1185 argumenta
1169 1098 1243 1162 ade·

268 1238 348 1294 rens,
369 1227 436 1280 tum
463 1215 540 1279 iliud
564 1237 629 1280 sese
647 1236 739 1301 agere
756 1210 933 1298 perhibens,
956 1222 993 1277 ut
1010 1213 1138 1298 simplex
1160 1234 1243 1277 cou-

267 1339 413 1415 stansque
429 1329 486 1393 sibi
509 1350 565 1413 per
582 1329 757 1392 universam
771 1326 931 1412 regionem
946 1324 1065 1410 publici
1074 1324 1155 1408 juris
1166 1325 1243 1389 ratio
1284 1305 1287 1309 .

268 1439 441 1505 efficeretur
460 1438 484 1503 ².
515 1439 617 1525 Atque
636 1438 743 1503 eadem
764 1459 867 1502 rerum
888 1437 1049 1502 conversio
1075 1436 1107 1501 in
1127 1435 1243 1502 Gobur·

268 1551 318 1638 gia
337 1551 516 1617 Saadeldica
542 1549 654 1616 accidit
674 1550 698 1615 ³.
744 1553 810 1616 Rex
834 1572 908 1615 vero
928 1549 1073 1615 Barariae
1092 1551 1241 1634 primum,

267 1663 410 1728 ordinum
448 1662 602 1751 dignitatis
636 1662 846 1728 extenuandae
872 1663 990 1749 gratio,
1017 1663 1162 1749 publicae
1187 1684 1241 1749 pe·

266 1776 378 1840 cuniae
401 1775 611 1840 moderamine
636 1796 687 1839 eos
711 1775 863 1862 spoliarit,
884 1797 967 1852 mox,
987 1775 1088 1841 edicto
1107 1775 1139 1839 d.
1161 1780 1176 1839 1
1195 1798 1239 1840 m.

266 1888 335 1972 stoji
354 1911 381 1955 a.
397 1893 494 1969 1808,
507 1890 672 1975 antiquum
693 1887 769 1952 illud
788 1888 909 1972 penitus
931 1888 1044 1953 delerit
1063 1889 1240 1954 institutum

267 2001 358 2089 eique
383 2002 483 2088 legem
511 2001 550 2066 de
570 1999 700 2086 imperio
722 2001 877 2065 substituit
902 2000 1068 2086 ejusmodi,
1092 2023 1174 2087 quae
1198 2000 1239 2066 ad

265 2133 406 2177 normam
426 2112 650 2178 celebratorum
665 2110 747 2196 apud
765 2112 896 2176 Francos
910 2112 1093 2196 placitorum
1111 2111 1182 2175 satis
1192 2110 1239 2175 di-

265 2224 397 2310 ligeuter
414 2235 490 2289 esset
502 2235 605 2290 exacta
621 2225 645 2290 ⁴.
667 2224 842 2301 utentem,
860 2224 986 2289 biennio
1003 2234 1083 2309 post,
1095 2224 1238 2311 princeps

265 2337 398 2421 suscepit
416 2334 576 2400 Anhaltiae
602 2335 807 2412 Cothonensis,
832 2336 917 2402 nulla
940 2359 974 2401 re
991 2338 1103 2402 melius
1127 2337 1168 2402 de
1189 2340 1238 2403 ci·

264 2447 353 2511 ribus
374 2449 435 2511 suis
461 2468 579 2512 merere
607 2471 640 2512 se
671 2470 758 2533 posse
780 2449 946 2534 profitens,
973 2449 1134 2535 quamsi,
1157 2471 1240 2537 quae

261 2558 332 2643 juro
357 2559 479 2644 publico
503 2559 623 2644 populis
647 2559 724 2636 suis,
743 2559 912 2625 liberorum
941 2562 1036 2627 instar
1057 2583 1075 2626 o
1099 2584 1164 2627 sese
1189 2562 1237 2626 di-

263 2669 367 2747 lectis,
400 2692 528 2756 magnus
556 2671 610 2735 ille
641 2693 800 2737 nseousou
830 2673 1044 2758 impertiisset,
1068 2674 1175 2740 eadem
1206 2685 1238 2739 et

263 2783 330 2867 ipse
357 2783 473 2846 nationi
493 2781 675 2848 Anbaltinae
697 2785 890 2850 concessisset
908 2785 932 2850 ⁵.
973 2787 1116 2875 Namque
1138 2810 1237 2853 naro-

263 2901 418 2913 ---
424 2903 467 2910 --.

298 2942 305 2975 ¹
325 2944 451 3006 winton,
468 2945 486 2992 1.
504 2945 523 2993 l.
541 2945 600 2993 ibid.
618 2963 642 3010 p.
661 2944 720 2993 140.

296 3033 308 3066 ²
326 3035 351 3085 1.
368 3037 471 3086 Edictum
491 3037 504 3085 l
523 3038 573 3087 Ort.
593 3035 676 3100 1806,
693 3037 755 3100 apud
771 3049 893 3100 wttttorr,
910 3039 928 3086 1.
946 3039 965 3086 1.
984 3039 1010 3088 1.
1027 3040 1072 3101 ill,
1089 3057 1113 3103 p.
1131 3037 1192 3089 381.

297 3125 308 3157 ⁸
325 3128 433 3190 strses,
451 3130 478 3178 0.
495 3130 524 3179 lt.
539 3129 565 3177 d.
582 3131 608 3178 Τ.
627 3131 655 3178 B.
671 3131 685 3194 0
701 3127 760 3190 282,
779 3139 829 3179 not.
849 3146 871 3178 ι.
890 3132 919 3178 lu
935 3130 980 3178 itta
995 3132 1235 3195 Pomerauisepsrte,

262 3235 323 3279 quse
339 3237 352 3266 ι
370 3221 463 3271 Suevioi
480 3225 541 3287 regis
556 3224 653 3286 imperio
670 3223 796 3286 pendebat,
813 3224 901 3272 sublati
918 3224 1014 3273 ordines
1029 3225 1129 3273 fueruat
1139 3226 1236 3274 demeto

262 3310 285 3358 d.
304 3307 411 3361 261ιιιι.
430 3312 505 3363 1806.
531 3315 557 3363 1.
576 3316 646 3365 Polit.
664 3317 748 3365 Joum.
770 3313 847 3377 1806,
870 3333 895 3378 p.
913 3315 974 3366 687.
994 3318 1048 3366 Mox
1063 3319 1114 3380 ipsa
1132 3319 1235 3367 Sueriae

262 3404 398 3453 constitutio
415 3405 440 3452 in
457 3406 522 3453 illan
539 3408 682 3468 provinciam
700 3407 835 3456 introducta
852 3408 908 3456 tuit.
920 3408 981 3457 ibid.
991 3411 1050 3471 lug.
1063 3408 1139 3472 1806,
1149 3429 1174 3473 p.
1182 3410 1234 3460 817

261 3501 286 3540 et
305 3491 364 3542 820.
398 3497 446 3544 Sub
471 3498 589 3546 Dacorum
613 3516 669 3547 vero
696 3499 809 3547 ditionem
833 3499 986 3550 Hclrteoeasi
1010 3502 1100 3551 ducatu
1125 3505 1233 3567 redacto,

262 3581 365 3647 (decreto
374 3583 391 3631 9
400 3588 463 3647 Sept.
476 3586 551 3654 1806)
567 3589 682 3651 reliquiae
692 3590 726 3638 ibi
736 3606 831 3652 quoquc
841 3591 950 3639 ordinum
958 3593 1063 3642 instituti
1073 3607 1233 3645 erauueruut.

261 3670 287 3717 1.
307 3677 409 3736 stunt,
423 3678 558 3727 Ueberricbt
568 3679 609 3727 der
619 3680 716 3743 diplom.
726 3681 852 3730 Verhaadl.
863 3683 886 3730 d.
895 3683 990 3732 Wiener
997 3686 1080 3749 Cougr.
1089 3705 1113 3749 p.
1122 3685 1184 3750 241,
1194 3707 1231 3752 sq.

297 3759 307 3791 ⁸
324 3761 408 3810 iiheiu.
425 3767 503 3827 Rund,
519 3771 606 3830 11111,
622 3788 645 3832 p.
664 3769 724 3834 ⁴68,
743 3773 810 3833 xlx,
827 3792 850 3835 p.
861 3773 1064 3841 ll‚sq.urisus‚
1082 3781 1233 3845 Uebersicbt,

261 3854 490 3916 1001141225,
512 3876 548 3921 sq.
573 3875 724 3925 sensusne,
748 3864 846 3913 Stsatrr.
872 3868 895 3915 d.
921 3870 1019 3934 Kduigr.
1036 3873 1132 3939 Baiem,
1151 3875 1232 3940 Leipz.

264 3933 340 3997 1⁸20,
358 3941 382 3987 r.
400 3944 421 4002 ι,
439 3946 452 4008 p
468 3946 495 3994 2.

298 4024 374 4074 1118.
398 4032 516 4085 Ordinatio
537 4039 561 4087 d.
587 4038 622 4090 28
639 4044 694 4093 Dec.
714 4044 788 4108 1810,
813 4049 839 4097 ia
862 4048 948 4102 uteie.
968 4056 1049 4120 eund,
1065 4059 1118 4121 Lii,
1137 4078 1161 4123 p.
1179 4059 1232 4122 97,

263 4115 321 4176 ut,
338 4133 361 4178 p.
379 4116 443 4178 3813
469 4124 656 4181 Constitutionen
673 4136 714 4183 der
732 4138 816 4202 Europ.
834 4142 941 4207 Straton,
958 4147 1035 4213 1.11,
1052 4167 1076 4214 p.
1095 4149 1157 4216 260,
1175 4172 1232 4218 sqq.
