2738 4740
298 457 314 493 x
741 464 814 474 ,-

298 624 355 677 tus.
378 613 453 670 illud
473 633 555 691 agere
576 611 702 680 decrevi,
719 622 766 679 ut,
784 610 875 669 missis
896 629 980 668 nunc
1003 607 1124 690 quidem
1146 609 1265 669 caeteris

296 728 434 788 omnibus
451 726 602 810 gentibus,
632 731 662 786 in
688 729 775 786 unius
801 739 917 786 tantum
944 727 1089 800 nationis,
1112 727 1194 807 quod
1228 725 1266 785 ad

296 850 479 929 propositum
502 857 724 927 argumentum,
741 844 861 926 juribus
881 842 1204 924 consuetudinibusque
1224 865 1265 902 rc·

297 963 421 1024 serendis
452 965 547 1024 omnis
586 985 648 1022 mea
678 964 843 1022 consisteret
872 963 1050 1045 disputatio,
1082 962 1266 1046 reliquarum

298 1093 395 1141 autem
415 1081 490 1162 leges
511 1082 547 1140 de
567 1080 696 1162 eligendi
717 1079 838 1150 ritibus,
861 1091 975 1162 postea,
997 1082 1021 1138 si
1043 1092 1072 1140 ct
1098 1091 1214 1163 tempus
1238 1090 1267 1138 et

297 1199 382 1281 copia
409 1197 483 1257 mihi
512 1197 722 1280 suppeditaret,
752 1218 789 1256 ex
833 1196 980 1256 industris
1010 1196 1179 1257 tractandas
1208 1218 1266 1256 sus·

296 1316 431 1399 ciperem.
478 1314 574 1397 Atque
601 1314 641 1374 ita
670 1312 741 1373 haec
765 1313 893 1390 exstitit,
918 1314 954 1372 de
982 1313 1110 1385 ratione,
1143 1337 1205 1398 qna
1233 1317 1266 1375 in
1335 1370 1342 1387 ,

296 1433 461 1515 praecipuis
478 1432 651 1492 Germaniae
669 1429 839 1490 civitatibus
858 1431 965 1513 populi
979 1429 1172 1512 designantur
1183 1452 1267 1490 man·

297 1551 419 1621 datarii,
441 1549 619 1623 dissertatio,
639 1546 675 1607 de
704 1568 764 1628 qua
793 1545 851 1606 hoc
880 1568 975 1607 unum
1004 1545 1164 1606 dicendum
1191 1547 1265 1608 mihi

298 1678 440 1749 superest,
462 1665 527 1724 ideo
546 1665 676 1724 maxime
696 1664 868 1724 Germaniae
887 1667 1023 1725 nationes
1042 1666 1268 1727 considerandas

299 1804 345 1843 mc
364 1784 530 1866 suscepisse,
552 1782 634 1865 quod
654 1782 690 1842 de
709 1785 827 1844 caeteris
848 1796 901 1844 aut
920 1783 1057 1845 nondum
1075 1785 1144 1844 satis
1170 1783 1267 1844 elabo-

300 1911 362 1959 rata
390 1899 543 1982 politaque
572 1920 637 1960 mea
665 1899 741 1960 mibi
767 1900 927 1983 disputatio
956 1900 1115 1976 videretur,
1143 1912 1195 1962 aut
1223 1903 1267 1960 in-

299 2017 432 2077 stitutam
454 2015 533 2100 apud
549 2016 616 2077 illas
637 2016 767 2098 eligendi
791 2017 990 2078 mandatarios
1006 2019 1151 2079 rationem
1169 2019 1269 2079 minus

299 2144 374 2194 certe
388 2132 608 2194 memorabilem
618 2134 798 2216 judicarem,
808 2133 911 2216 dequa
928 2133 997 2194 data
1010 2137 1097 2217 opera
1110 2136 1270 2217 singularis

300 2251 472 2333 capessendo
494 2250 659 2311 doctoratui
680 2251 800 2312 libellus
821 2251 1062 2314 conscriberetur.
1100 2254 1269 2324 Caeterum,

300 2383 374 2453 quot
393 2370 572 2453 quantisque
592 2370 671 2430 vitiis
691 2392 726 2429 ac
746 2369 905 2431 defectibus
924 2369 982 2430 hoc
1003 2392 1102 2432 meum
1123 2373 1286 2454 specimen.

299 2487 428 2562 laboret,
447 2485 538 2570 probe
558 2488 619 2570 ipse
639 2498 821 2571 perspectum
841 2509 887 2547 mc
899 2486 1005 2547 habere
1018 2487 1170 2550 confiteor.
1204 2492 1270 2549 Lec-

302 2615 391 2680 tores,
417 2604 440 2663 si
471 2605 524 2686 qui
555 2603 631 2665 mibi
667 2605 860 2685 contigerint,
891 2618 926 2666 ut
953 2603 1050 2665 faciles
1077 2627 1134 2667 sese
1156 2609 1272 2688 judices

301 2732 445 2804 praestare
464 2720 574 2795 velint,
595 2722 684 2781 etiam
705 2732 793 2804 atque
813 2724 902 2783 etiam
924 2745 1005 2804 rogo.

342 2842 408 2901 Jam
439 2838 530 2899 finem
558 2838 630 2899 huic
661 2842 812 2924 imponere
840 2842 1015 2925 praelationi
1053 2864 1183 2926 possem,
1213 2846 1271 2905 nisi

303 2980 398 3021 unum
421 2969 550 3031 restaret,
572 2958 609 3018 ad
629 2960 711 3043 quod
732 2959 912 3043 explendum
929 2981 993 3020 non
1015 2972 1076 3020 tam
1098 2983 1161 3023 mos
1188 2975 1272 3022 vocat

301 3098 392 3160 quam
418 3078 537 3138 animus
555 3097 637 3137 meus
657 3097 703 3137 me
721 3076 1082 3160 impellit,gravissimum
1104 3091 1132 3139 et
1151 3081 1272 3140 sanctis-

301 3196 409 3256 simum
429 3193 575 3255 officium:
599 3195 687 3255 Vobis
707 3195 819 3255 scilicet
839 3195 960 3255 intimos
973 3195 1049 3277 grati
1065 3197 1158 3256 animi
1172 3217 1273 3258 sensus

278 3391 282 3398 Ι
301 3311 466 3389 revelandi,
487 3312 655 3385 Clarissimi,
667 3334 740 3395 quos
755 3314 787 3372 in
800 3312 859 3373 hoc
869 3313 1034 3373 studiorum
1045 3334 1133 3373 cursu
1146 3315 1273 3397 optimos

301 3429 389 3492 duces
401 3441 506 3490 nactus
522 3451 587 3491 sum
594 3477 603 3507 ,
616 3431 828 3514 Praeceptores!
872 3432 915 3490 Tu
926 3431 1057 3512 primurn
1065 3476 1072 3505 ,
1086 3430 1136 3489 Vir
1145 3430 1273 3513 Amplis-

301 3549 373 3608 sime
388 3568 442 3608 ur
463 3550 577 3607 traam!
601 3547 770 3632 imperitum
787 3548 818 3607 in
840 3547 932 3608 literis
951 3547 1180 3607 humanioribus
1207 3552 1275 3608 tiro·
1296 3610 1300 3621 ,

220 3638 223 3643 ¹
302 3685 415 3725 nemea
437 3685 483 3724 mc
499 3665 638 3747 excepisti
647 3663 861 3735 benevolendi,
876 3685 977 3746 quam,
995 3664 1074 3724 velut
1091 3665 1275 3746 singularem

303 3803 338 3842 ac
355 3781 552 3864 gratissimam
562 3781 660 3843 dotem
669 3783 769 3853 Tuam,
789 3780 827 3841 ab
840 3781 988 3855 omnibus,
997 3756 1106 3863 quibus
1122 3781 1166 3841 vel
1188 3782 1276 3841 semel

303 3898 384 3959 adire
403 3899 441 3959 Te
468 3899 638 3980 contigerit,
664 3899 826 3982 praedicari
855 3898 1019 3959 audiamus.
1070 3898 1195 3968 Deinde,
1225 3919 1277 3981 per

303 4020 465 4081 multorum
483 4021 611 4103 spatium
631 4041 794 4090 annorum,
816 4019 973 4079 innumera
993 4019 1026 4080 V.
1043 4017 1088 4079 cl.
1104 4019 1165 4077 Tua
1178 4018 1210 4076 in
1231 4037 1278 4077 me

303 4137 438 4200 exstitere
455 4135 617 4213 beneficia,
628 4159 704 4220 quae
716 4137 837 4221 quidem
852 4138 1005 4219 designare
1018 4147 1137 4197 tantum
1148 4156 1277 4220 possum,
