2738 4740
644 688 663 770 ς
685 686 716 748 a.

300 860 352 928 Be
370 861 559 953 provinciis
577 858 619 925 ad
638 856 823 948 Euagorae
835 857 1062 947 perdentibus.

332 1059 372 1150 Δ)
394 1058 445 1130 Ile
458 1059 643 1140 Delmatici,
673 1059 827 1144 Croolid,
847 1057 1035 1127 Salmonis.

239 1201 391 1289 Regiones
409 1201 484 1266 istae
501 1198 761 1266 administrandae
778 1199 955 1264 commissae
975 1205 1047 1260 sunt
1063 1193 1167 1261 onnu-

197 1310 257 1393 lio,
284 1313 367 1400 quod
392 1315 552 1400 proprium
574 1334 687 1378 nomen
714 1310 805 1375 hebet
832 1304 1168 1382 Staatshalterei·Rath,

198 1426 288 1510 cujus
305 1425 487 1512 primarium
509 1423 643 1490 officium
660 1425 708 1487 lex
726 1423 760 1486 in
777 1444 813 1486 eo
829 1422 925 1507 ponit,
941 1420 987 1484 uti
1004 1420 1169 1484 certiorem

196 1558 302 1625 regem
327 1537 437 1612 iaciat,
463 1537 489 1600 si
510 1558 589 1623 quae
609 1535 693 1620 jussa
712 1532 898 1621 decretaque
918 1530 1108 1619 exsequenda
1127 1530 1169 1594 ab

193 1647 248 1712 illo
273 1649 443 1734 acceperit,
472 1647 605 1733 publicis
633 1647 809 1733 Hungariae
831 1646 1016 1732 populorum
1044 1644 1168 1729 juribus

196 1782 368 1847 repugnare
384 1759 442 1825 sibi
462 1757 633 1824 rideantur.
663 1759 783 1823 Tributi
804 1769 871 1823 tum
888 1758 1001 1823 Creatis
1024 1767 1090 1820 tum
1108 1755 1166 1833 iis,

195 1870 249 1956 qui
274 1870 436 1956 superioris
462 1869 639 1935 Sclaroniae
662 1880 723 1956 tres
751 1871 914 1935 comitatus
931 1869 1083 1947 incolunt,
1105 1866 1168 1931 sol·

192 1980 285 2047 rendi
307 1982 474 2049 aestimatio
495 2003 513 2047 a
533 1960 632 2046 diaetd
654 1981 831 2069 Hungarica
849 2003 970 2067 semper
985 1979 1110 2046 definita
1127 1980 1168 2044 sit

195 2104 325 2179 oportet,
353 2117 460 2160 rerum
484 2095 648 2180 sejunctim
670 2095 901 2182 uectigalium
918 2095 1167 2181 Hungaricorum

197 2208 424 2275 constitutione.

240 2317 331 2400 Quod
346 2319 384 2383 ad
396 2318 575 2404 religionem
591 2318 709 2402 attinet,
727 2339 832 2382 omnes
846 2318 997 2383 formulae
1010 2339 1167 2383 sacrorum

195 2429 293 2494 libere
310 2428 515 2494 admittuntur·
533 2431 566 2493 in
584 2430 752 2507 Selavonid,
777 2451 883 2494 rerum
903 2429 1018 2495 habent
1037 2430 1091 2494 soli
1111 2429 1168 2494 Ca-

194 2541 300 2607 tholici
315 2543 368 2626 jus
388 2540 615 2626 toparchiarum
639 2543 839 2608 emendarum
859 2564 1087 2629 munerumque
1104 2565 1168 2629 pu-

194 2657 347 2723 blicorum
377 2657 593 2743 gerendorum.
637 2659 740 2746 Atque
759 2660 792 2724 iu
814 2659 930 2724 Groatii
950 2670 1061 2724 cuncta
1083 2681 1167 2724 sacra

195 2780 317 2853 recepta
335 2768 548 2855 perhibentur,
560 2770 603 2834 ita
624 2781 726 2835 tamen
744 2783 779 2835 ut
795 2772 834 2836 ab
850 2772 908 2834 isto
918 2771 991 2855 jure
1009 2783 1070 2835 tam
1086 2774 1167 2835 Pro·

195 2894 336 2949 testantes
357 2904 450 2970 quam
470 2882 577 2948 Judaei
595 2883 708 2949 exclusi
725 2882 903 2950 habeantur.
947 2885 984 2948 ln
1006 2883 1168 2950 Solanonid

192 3017 306 3061 munus
325 2995 547 3082 archiepiscopi
564 2996 789 3083 metropolitani
807 2996 1053 3074 Carlowitzensis,
1065 2996 1167 3062 eccle-

193 3107 256 3171 siae
274 3107 422 3173 Orientali
440 3108 649 3174 schismaticao
669 3109 701 3173 in
716 3110 884 3196 ilungariia,
901 3090 1059 3174 Solanonid
1073 3120 1178 3194 atque*

192 3219 310 3284 Croatid
333 3220 477 3305 praefecti
497 3222 552 3285 soli
576 3220 720 3306 competit
742 3221 800 3286 civi
823 3221 957 3308 Illyrico,
983 3221 1023 3285 ab
1048 3222 1167 3307 episco-

192 3331 239 3417 pis
258 3354 295 3397 ac
310 3317 416 3418 legatis
434 3333 677 3417 municipiorum
694 3334 727 3396 in
742 3354 912 3420 congressu
929 3332 1054 3419 publico
1069 3334 1169 3399 electo

192 3467 230 3511 ac
247 3445 423 3509 solemniter
443 3468 461 3509 a
484 3466 557 3532 rege
580 3445 769 3510 confirmato.
809 3446 940 3510 Anullo
962 3446 1019 3511 iste
1045 3445 1166 3512 archie-

192 3558 335 3643 piscopus
358 3556 470 3642 pendet
487 3555 660 3642 patriarchi
678 3558 776 3622 aliove
795 3557 1021 3644 cujuscumque
1034 3559 1168 3624 nominis

192 3672 372 3758 magistratu
394 3670 598 3735 ecclesiastico
612 3671 787 3757 peregrinm
803 3669 977 3754 jurisdictio
998 3691 1068 3733 vero
1082 3669 1167 3735 illius

193 3803 240 3846 res
260 3783 352 3847 unice
369 3782 553 3868 spirituales,
574 3802 655 3869 quae
669 3781 827 3859 dicuntur,
850 3780 1073 3866 complectitur.
1092 3781 1166 3845 lta-

195 3914 257 3979 que
275 3894 424 3977 praesidet
447 3895 551 3961 curiae
569 3894 791 3981 appellationis,
814 3894 852 3959 ad
875 3916 970 3980 quam
984 3904 1168 3979 provocatur

192 4005 233 4069 ab
257 4003 400 4069 omnibus
414 4006 612 4091 judicialibus
630 4007 796 4084 sententiis,
813 4006 845 4071 in
860 4006 1080 4092 episcopalibus
1092 4027 1167 4070 con·

192 4113 314 4180 nistoriis
341 4114 417 4182 latis.
464 4118 500 4181 In
517 4117 588 4201 jure
604 4116 739 4183 dicundo
759 4115 943 4183 observanda
969 4115 998 4181 ei
1015 4127 1086 4181 sunt
1103 4126 1165 4183 ata·
