2738 4740
618 423 660 485 99

154 615 240 669 ustus
267 605 437 681 exercendi,
454 605 599 669 seriarum
613 605 863 672 celebrandarum
874 631 910 674 ac
924 611 1053 698 symboli
1065 634 1122 698 ge·

154 714 251 781 rendi.
280 717 367 782 Sicut
385 718 499 804 cuique
516 718 674 783 comitatui
696 719 842 803 praelecti
860 722 941 788 circa
960 724 1057 789 resin
1079 747 1116 790 eo

153 828 305 894 obeundas
324 829 499 914 judiciarias
523 840 615 916 atque
639 830 762 908 civiles,
782 831 825 896 ita
851 832 966 899 liberae
987 859 1111 924 quoque

152 941 285 1007 civitates
313 943 415 1028 regiae
438 940 567 1006 concilio
593 942 748 1025 subjectae
772 954 843 1008 sunt
863 946 1010 1031 Imperii,
1035 949 1120 1035 quod

150 1065 287 1131 vocatur,
298 1054 525 1140 rationibusque
542 1053 570 1117 ei
586 1053 745 1118 reddendis
757 1055 879 1120 obnoxii
892 1078 999 1121 earum
1013 1059 1121 1147 magis·

150 1176 248 1231 tratus
263 1165 426 1231 habentur.
452 1165 575 1250 Singuli
589 1175 691 1230 autem
712 1166 812 1242 cives,
833 1168 906 1232 licet
923 1168 1040 1233 nobiles
1059 1190 1121 1234 non

151 1278 221 1361 siut,
238 1276 422 1362 provocandi
439 1275 478 1341 ad
498 1277 596 1342 curias
612 1276 781 1362 superiores
792 1279 865 1363 jure
883 1279 1024 1345 instructi
1039 1291 1121 1346 suut.

487 1476 527 1556 u)
549 1474 600 1540 ue
621 1474 781 1542 Rustrcrs.

195 1612 282 1692 Quae
295 1611 335 1675 ab
353 1611 478 1697 antiquo
497 1611 570 1676 iude
587 1634 661 1676 acro
680 1613 779 1700 riguit
796 1614 830 1676 iu
852 1614 1008 1700 llungaria
1029 1615 1120 1679 rusti·

151 1744 258 1789 corum
272 1722 409 1800 servitus,
424 1721 513 1800 bano,
527 1723 635 1788 uostris
650 1724 848 1809 temporibus,
861 1725 982 1811 penitus
996 1726 1119 1791 sustulit

144 1837 264 1921 jurium
286 1835 422 1900 civilium
448 1858 485 1900 ao
508 1837 553 1900 rei
577 1835 722 1922 publicae
739 1837 971 1903 commodorum
992 1813 1120 1926 aequior

148 1949 386 2036 diligentiusque
413 1947 624 2013 consideratio.
673 1949 782 2034 ltaque
800 1961 927 2035 possunt
950 1971 1035 2015 nuuc
1058 1948 1117 2016 bu·

143 2063 231 2147 jusce
262 2060 376 2125 ordinis
397 2059 535 2124 homines
556 2083 573 2125 a
594 2060 735 2138 dominis,
766 2062 879 2148 quibus
902 2062 1032 2144 subjecti
1048 2062 1118 2126 lue·

148 2185 230 2251 rant,
251 2172 421 2246 discedere,
453 2170 544 2236 modo
565 2170 681 2236 debitas
704 2193 808 2236 omnes
830 2172 990 2256 pensiones
1019 2173 1115 2236 exsol-

147 2287 245 2351 verint
264 2285 365 2371 deque
381 2285 471 2348 rebus
496 2285 556 2348 suis
577 2284 743 2348 mobilibus
762 2284 934 2372 disponere,
955 2284 997 2350 ita
1014 2295 1116 2350 tamen

146 2398 221 2463 dum
243 2419 282 2462 ne
299 2395 462 2462 immodica
478 2395 511 2459 in
529 2418 592 2460 uno
612 2395 782 2484 eodemque
798 2397 937 2462 districtu
956 2397 1116 2484 emigratio

145 2510 217 2575 inde
234 2510 397 2574 exoriatur.
423 2510 551 2573 Possunt
565 2509 670 2596 igitur,
688 2509 793 2576 relicto
806 2510 934 2597 pristino
948 2510 1114 2587 domicilio,

144 2624 182 2689 ad
204 2626 300 2691 alium
322 2622 446 2701 berum,
470 2623 648 2689 lamulitatis
665 2624 800 2701 nomine,
821 2623 957 2690 transire.
996 2624 1114 2709 Topar-

144 2735 283 2802 chiarum
297 2757 370 2800 vero
383 2758 564 2821 possessores
578 2735 714 2819 primum
730 2734 845 2799 habent
857 2735 891 2798 in
906 2735 1030 2799 vasallos
1044 2756 1114 2798 suos

139 2850 358 2935 jurisdictionis
380 2849 475 2913 veluti
496 2847 635 2934 gradum,
658 2847 778 2933 integra
799 2846 847 2910 his
867 2845 1052 2930 provocandi
1073 2845 1113 2910 ad

144 2961 312 3047 superiores
332 2959 431 3024 curias
449 2960 603 3023 facultate.
634 2959 742 3043 Neque
758 2957 916 3041 praeclusa
936 2956 1053 3019 rusticis
1068 2968 1114 3023 est

143 3073 183 3138 ad
208 3072 357 3136 nobilium
385 3070 511 3135 classem
533 3068 730 3154 perveniendi
752 3068 798 3132 via
828 3090 864 3131 ac
892 3065 1006 3133 dehinc
1027 3069 1112 3133 nulla

145 3205 206 3250 non
230 3169 357 3248 civitatis
380 3202 508 3247 munera
535 3179 672 3270 gerendi.

165 3386 201 3472 E)
245 3385 296 3451 De
320 3382 520 3460 Ordinibus,
537 3403 642 3473 penes
662 3403 742 3471 qssos
755 3381 818 3468 jus
839 3389 889 3445 est
907 3383 1077 3446 societatis

324 3501 359 3561 r'n
385 3495 546 3596 Conventa
557 3493 692 3584 publico
710 3495 779 3558 sive
796 3492 930 3559 Deiecto.

185 3637 325 3720 Quatuor
344 3642 430 3710 suut,
457 3643 493 3697 ut
518 3631 662 3709 vidimus,
688 3631 795 3696 classes
824 3630 953 3707 civium,
976 3639 1109 3714 quatuor
1190 3701 1198 3717 ὑ
1235 3624 1239 3631 “

141 3752 253 3836 pariter
267 3757 433 3815 conventus
452 3745 595 3832 publicus
612 3754 729 3811 constat
747 3742 915 3819 ordinibus,
933 3762 1041 3806 verum
1054 3741 1107 3818 ita,

142 3876 186 3947 ut,
211 3863 338 3928 exclusis
357 3860 486 3938 rusticis,
508 3857 674 3925 nobilitatis
693 3856 838 3941 latissimo
856 3855 902 3920 sic
919 3852 1020 3920 diotre
1039 3875 1107 3920 sen·

141 4000 176 4041 su
198 3977 336 4062 singulae
361 3975 468 4040 classes
498 3971 633 4060 singulos
652 3968 773 4035 ordines
797 3967 941 4034 efficiant.
970 3966 1111 4036 Veniunt·

141 4087 235 4175 igitur
254 4088 285 4154 in
305 4087 458 4153 Diaetam:
482 4083 512 4172 l)
534 4083 654 4166 Clerici,
682 4079 715 4168 2)
736 4082 888 4169 linguates
911 4079 1051 4161 (Comites
1070 4103 1107 4146 ac

927 4197 977 4256 7*
1096 4189 1101 4197 ’

878 4360 911 4410 ⁴⁴)
925 4376 949 4408 ..lu
971 4361 1048 4399 *sud
1067 4364 1097 4386 1.)
