2738 4740
654 475 715 536 227

244 658 317 733 Nec,
337 657 360 718 si
380 657 426 720 vel
446 655 534 719 latior
553 653 589 715 iis
608 655 789 718 facultatum
809 653 940 718 ambitus
963 657 1163 741 suppetiisset,

201 770 270 834 satis
289 768 418 834 feliciter
436 764 582 831 adhibere
599 786 648 829 eus
665 765 847 851 potuissent,
871 766 960 830 illum
979 768 1088 854 agendi
1109 771 1162 836 de·

200 882 411 967 liberandique
431 879 524 942 ritum
545 888 716 965 sequentes,
730 880 798 963 qui,
817 888 968 964 quantum
985 883 1164 949 concordiae

199 1007 370 1079 mutuoque
381 991 478 1056 amori
494 989 639 1068 officeret,
655 1000 774 1055 tantum
788 989 901 1074 privata
916 991 1049 1076 partium
1066 993 1165 1059 studia

198 1105 299 1170 lovere
318 1102 454 1168 deberet
493 1104 634 1188 Namque
653 1124 716 1167 non
734 1102 826 1167 modo
841 1103 1003 1188 separatim
1020 1105 1166 1190 equestris

198 1218 395 1300 urbanusque
424 1214 497 1279 ordo
532 1216 703 1279 consultare
733 1216 879 1292 solebant,
906 1235 1014 1279 rerum
1035 1227 1166 1304 uterque

199 1328 290 1393 etiam
310 1326 420 1390 borum
439 1327 472 1391 in
492 1327 585 1391 trinas
602 1337 666 1391 erat
688 1327 786 1391 curius
809 1327 942 1405 divisus,
963 1328 1069 1394 eodem
1086 1329 1167 1395 iuter

199 1462 231 1504 se
250 1441 322 1525 jure
341 1438 476 1525 suffragii
496 1430 630 1516 uten’tes,
653 1440 807 1504 sociorum
828 1461 900 1504 sero
919 1439 1085 1507 admodum
1105 1443 1165 1507 dis·
1233 1483 1236 1490 -

199 1553 264 1637 pari
285 1574 413 1618 numero
434 1552 599 1618 celebratas
617 1552 640 1630 1,
670 1573 803 1638 quarum
827 1552 860 1616 iu
881 1556 1014 1639 equestri
1039 1555 1164 1641 quidem

199 1665 305 1732 ordine
330 1689 366 1733 ea
387 1668 462 1731 ratio
488 1665 675 1741 invaluerat,
707 1677 741 1728 ut
767 1666 946 1750 pauciorum
966 1668 1165 1744 selectorum,

198 1779 280 1864 quod
307 1778 481 1854 dicebatur,
510 1778 640 1864 collegio
667 1776 780 1866 (engen
805 1777 1001 1865 llusschume)
1030 1779 1166 1864 primarii

197 1913 214 1955 a
239 1914 311 1978 rego
332 1892 425 1956 creati
449 1889 658 1978 magistratus,
683 1890 801 1955 nobiles
819 1892 1031 1979 pontificiique
1048 1893 1165 1978 aliqui,

197 2015 263 2069 tum
283 2002 523 2089 duodetriginta,
539 2002 579 2066 ab
594 2002 664 2087 ipsis
684 2003 772 2068 sociis
792 2004 934 2068 omnibus
952 2026 988 2067 os
1006 2002 1167 2088 provinciis

197 2117 373 2204 ordinisque
396 2114 541 2180 classibus
568 2115 700 2198 cooptati
721 2114 857 2198 equites,
887 2113 986 2178 donec
1010 2116 1166 2200 integrum

195 2228 233 2293 iis
259 2231 311 2314 jus
341 2238 508 2292 conventus
536 2236 692 2302 maneret,
724 2224 868 2310 adscripti
894 2224 1093 2307 haberentur3
1126 2225 1167 2294 ab

196 2340 308 2406 borum
333 2361 425 2425 porro
444 2339 626 2404 auctoritate
644 2339 866 2425 quinquaginta
888 2352 1021 2427 quatuor
1043 2342 1165 2426 majoris

198 2453 319 2541 collegii
334 2453 455 2542 (weiteu
471 2450 681 2538 Ausschusses)
701 2451 864 2530 sociorum,
886 2454 1076 2521 obserrmdis
1090 2457 1165 2522 locis

199 2564 422 2653 gradibusque,
444 2563 610 2629 nominatio
631 2564 795 2650 penderet,
822 2565 879 2630 nisi
903 2566 984 2653 quod
1004 2569 1164 2655 proprium

196 2676 229 2741 iu
250 2677 305 2740 illo
317 2677 370 2761 jus
389 2675 539 2741 nobilium
558 2674 860 2763 Scbouburgeusium
877 2680 1073 2762 censebatur3
1093 2683 1164 2745 uui·

195 2791 304 2855 versali
324 2789 460 2877 deniquo
477 2790 522 2854 sic
543 2789 643 2854 dictae
658 2791 798 2855 concioni
815 2790 1031 2877 (allgem'eiuen
1049 2794 1163 2857 Ritter-

197 2903 307 2989 schalt)
333 2903 444 2968 caeteri
470 2924 575 2975 omnes
599 2903 717 2988 equites
739 2912 974 2967 accenserentur
991 2902 1015 2969 ².
1060 2905 1164 2992 Atque

198 3140 273 3188 rideri
289 3141 372 3202 possit,
389 3139 441 3199 ubi,
458 3155 519 3201 quse
529 3139 592 3186 lsots
605 3138 703 3199 luerint,
712 3139 782 3186 unice
794 3136 949 3198 attendamus,
959 3155 1087 3202 ssuequsus
1098 3157 1164 3190 oons-

198 3234 318 3296 probetur.
352 3232 440 3295 Sponte
465 3231 632 3295 cougrediessdi
655 3230 804 3291 facultatem,
825 3231 866 3279 ubi
883 3247 945 3279 sasso
963 3229 1031 3280 1693
1047 3243 1163 3296 postremo

199 3327 230 3375 sb
249 3326 372 3375 ordinibus
397 3335 525 3388 usurpem,
542 3327 600 3388 quin
618 3341 681 3372 suso
700 3321 767 3372 1722
783 3325 813 3372 iis
830 3323 899 3373 ssim
917 3324 1054 3373 oonlirnsts
1070 3326 1162 3389 luisset,
1236 3313 1238 3316 .

198 3421 285 3469 diserte
302 3420 444 3482 sbsogstsn‚
459 3420 515 3467 suni
527 3416 595 3466 1728
611 3418 759 3467 ordiustioue
776 3414 852 3484 (528)
868 3417 1004 3480 soporinus.
1029 3417 1080 3466 tit.
1092 3432 1164 3467 usos·

198 3527 271 3574 nn,
290 3530 327 3576 op.
347 3529 368 3560 c.
387 3513 408 3574 1,
426 3531 448 3575 p.
468 3510 527 3574 107,
546 3513 579 3573 ll,
595 3530 618 3575 p.
638 3510 681 3568 13;
702 3519 819 3571 sitinus,
837 3511 914 3559 Lssd·
928 3529 952 3559 n.
966 3511 1163 3576 lassobusstsgs·

198 3609 265 3658 ords.
284 3624 307 3669 p.
326 3603 370 3666 ⁶0,
394 3622 446 3668 sqq.
474 3610 562 3666 abusu,
585 3623 609 3667 p.
626 3602 668 3651 38.
703 3604 736 3652 lle
758 3603 891 3666 ordinibus,
915 3604 977 3652 oircs
999 3621 1037 3652 res
1054 3613 1163 3654 essmss

197 3701 301 3752 eiritstis
328 3701 479 3762 prirstssqus
503 3698 615 3762 principis
637 3698 741 3746 rstioues
767 3698 929 3746 suctoritstsss
954 3715 1019 3748 susus
1044 3699 1165 3748 vindicus

197 3798 285 3846 trusus
302 3794 452 3855 cornubus,
470 3792 567 3842 ridendi
583 3801 638 3840 suus
654 3805 752 3854 masos,
768 3791 852 3841 (teret.
870 3791 907 3853 n,
925 3810 948 3855 p.
957 3790 1006 3857 ,²⁴3
1021 3806 1163 3855 simoen,

197 3865 272 3956 sio,
288 3907 311 3952 ρ.
330 3886 372 3937 or.

233 3982 361 4037 ¹trssssr,
378 3980 476 4028 Sssstsr.
494 3979 515 4038 l,
537 3973 617 4042 §623
636 3990 784 4041 morsurus,
801 3977 815 4043 p
834 3976 876 4040 io,
895 3996 918 4040 p.
939 3975 982 4039 62,
1004 3976 1053 4036 633
1071 3985 1159 4043 retuso,

199 4072 270 4139 dn,
288 4093 310 4136 Ρ·
329 4071 371 4122 3⁴·
1248 4060 1254 4068 ⁹

233 4163 361 4215 ‘unse
379 4166 399 4212 l.
417 4165 434 4212 l.
453 4174 476 4212 et
493 4162 577 4212 osset.
595 4164 639 4226 lll,
655 4182 680 4227 p.
696 4161 759 4222 297;
779 4172 865 4225 turso,
882 4183 904 4227 p.
923 4163 964 4214 ³5.

960 4261 1035 4324 15*
