2738 4740
620 431 685 492 210

168 652 229 718 que
248 629 287 694 de
302 638 454 693 convento
472 624 634 703 ordinum,
648 625 863 709 superfuturir
880 626 985 710 populi
1008 628 1148 694 manda-

168 741 251 806 tariir
260 738 417 826 oppidania
426 739 607 823 rusticisque
619 737 746 801 sancitae
757 735 923 802 dixerim
933 736 956 817 ¹;
968 737 1147 804 excludens

167 875 238 919 raro
253 877 272 919 a
289 851 523 938 provincialium
542 850 770 915 consiliatorum
786 855 918 915 munere
930 850 1057 917 driutio
1071 872 1145 918 rna·

167 969 328 1054 gistratue,
346 963 538 1050 opificiorum
555 982 764 1050 agrorumque
782 962 996 1043 conductores,
1010 963 1139 1029 unirer-

167 1081 221 1157 eali
242 1081 375 1166 denique
404 1077 506 1142 coetui
533 1075 699 1162 adscriptos
713 1075 737 1141 ².
783 1075 872 1141 Idem
888 1098 982 1163 porro
1002 1077 1143 1144 edictum

168 1193 361 1261 nominandis
387 1191 546 1256 ambamm
575 1190 716 1254 claaeium
747 1189 919 1255 candidatio
945 1190 1076 1278 simplex
1109 1194 1144 1258 in

168 1327 358 1393 unoquoque
380 1304 496 1368 circulo
518 1303 685 1369 electonrm
706 1302 875 1389 collegium
900 1302 1143 1382 detonuerat

170 1419 251 1485 baud
273 1419 361 1484 aliter
388 1427 482 1502 atque
501 1414 583 1500 apud
609 1415 753 1490 rusticos,
774 1435 810 1478 ex
835 1414 907 1500 lege
929 1415 971 1480 de
994 1417 1145 1484 concione

167 1532 310 1618 publica,
332 1529 457 1595 totidem
475 1527 526 1593 bie
546 1528 639 1592 etiam
659 1526 746 1591 sociis
761 1526 904 1591 futurum
927 1539 1009 1614 quot
1026 1529 1146 1596 circulo

167 1646 263 1710 millia
276 1642 461 1708 familiarum
477 1639 744 1717 continerentur⁸;
756 1636 789 1702 in
805 1639 1013 1718 electoribus,
1030 1654 1098 1708 tum
1111 1656 1145 1708 ut

167 1758 200 1822 iu
217 1778 269 1819 sua
289 1755 420 1840 quisquo
435 1752 654 1817 communitate
669 1752 805 1816 monerio
816 1763 918 1817 errent
939 1759 1145 1839 procuratorii

166 1888 291 1953 caparra
328 1865 523 1949 maximoque
549 1864 733 1928 tributorum
758 1885 852 1929 censu
884 1865 998 1931 tertiae
1030 1868 1144 1934 civium

168 1981 247 2069 parti
260 1979 534 2046 adnumerarentur
550 1977 580 2054 ⁵,
594 1989 679 2056 tom,
700 1976 783 2064 quod
803 1998 839 2042 ex
862 1976 900 2041 iia
917 1999 992 2064 pars
1010 1982 1144 2068 qrradra·

168 2094 386 2183 gintarirorum
415 2089 601 2158 desumenda
627 2090 723 2168 soret,
753 2100 788 2154 ut
816 2089 974 2156 candidati
1007 2094 1147 2181 legitime

167 2206 309 2272 constitui
331 2216 450 2289 possent
471 2205 495 2287 ⁸,
517 2203 688 2291 requirens.
733 2201 921 2267 llommdcm
941 2225 1021 2270 vcro
1041 2206 1145 2296 derig-

168 2323 323 2388 natiouem
340 2320 419 2383 binis
434 2318 569 2384 edictum
579 2317 762 2384 concionum
773 2315 935 2402 speciebus
944 2320 1144 2398 attribuerat,

168 2452 299 2518 quarum
316 2431 426 2507 altera,
443 2432 476 2494 in
488 2429 604 2514 oppidis
623 2430 763 2495 millenae
779 2429 1147 2518 plureoracomplecten·

167 2542 247 2606 tibus
272 2540 421 2617 familiae,
449 2541 642 2627 magistratus
671 2550 949 2628 procuratoresque
972 2541 1000 2620 ²,
1031 2546 1146 2624 altera,

167 2675 270 2719 coram
288 2651 446 2738 judicibus
465 2653 579 2739 cuique
604 2654 758 2719 ambrotui
779 2654 960 2740 praefectio,
984 2658 1144 2724 minorum

168 2767 292 2831 urbium
333 2777 426 2852 atquo
456 2788 607 2854 pagorum
635 2768 774 2832 functuri
805 2767 911 2833 vicarii
938 2768 1140 2851 dicabantur3

167 2879 277 2943 borum
307 2878 433 2966 quidem
465 2880 647 2945 vicariorum
679 2903 735 2966 pro
773 2882 912 2946 centenis
946 2883 1142 2973 singulorum

165 2992 287 3056 familiis
313 2991 355 3056 ita
383 2992 620 3079 municipalibus
648 2992 890 3057 moderatoribus
919 3017 1068 3064 concana
1088 2998 1145 3065 de·

165 3105 351 3190 signationc,
365 3117 400 3169 ut
415 3103 544 3189 hujusce
561 3105 652 3170 officii
669 3107 731 3170 eive
749 3104 805 3189 ipsi
826 3106 888 3171 aire
904 3128 964 3192 per
978 3112 1148 3181 mandata-

166 3216 224 3279 rios
245 3239 315 3281 suoe
338 3218 499 3303 participes
531 3240 656 3305 quoquo
682 3218 869 3284 haberentur
892 3242 1046 3308 agrorum
1067 3229 1149 3295 inm

166 3329 415 3394 communitatem
436 3329 551 3396 domini
571 3332 687 3397 nobiles
708 3343 801 3418 atque
817 3331 985 3416 pontificii,
1007 3342 1150 3409 cotendis

202 3645 209 3676 ¹
230 3646 288 3694 lbid.
310 3646 377 3710 dlv,
395 3646 411 3692 1,
430 3645 454 3705 b,
473 3645 708 3695 cotteanum...
732 3644 807 3707 1818,
825 3647 851 3694 Τ.
868 3648 908 3708 vt,
925 3649 941 3715 p
960 3649 1008 3713 123
1027 3659 1105 3711 adju,
1119 3662 1151 3711 d,

165 3756 233 3788 conr.
248 3739 299 3787 ord.
315 3739 341 3785 Τ.
359 3739 378 3796 1,
395 3739 408 3802 p
425 3736 450 3796 8,
467 3739 486 3785 1.
501 3739 516 3784 d
533 3748 591 3788 ete.

200 3830 289 3879 ἰωὰ.
307 3832 320 3897 p
337 3832 375 3890 rr,
392 3832 416 3876 u
435 3831 453 3876 r.
684 3828 771 3877 ³nu.
788 3830 801 3895 9⁴
819 3830 845 3879 r.

200 3922 211 3953 ⁸
228 3923 289 3971 lbid.
304 3925 317 3989 p
335 3924 362 3984 t,
377 3924 417 3971 Nn
435 3921 476 3983 13,
493 3923 549 3971 coll.
565 3922 634 3970 edict.
653 3923 681 3970 de
697 3939 766 3971 conr.
777 3923 828 3972 ord.
842 3925 868 3973 Τ.
886 3926 906 3986 1,
923 3924 940 3993 §
957 3928 1004 3982 31,

200 4013 287 4064 ⁸lbid.
303 4016 356 4080 pl,
373 4018 411 4065 ll⁰.
427 4017 452 4065 1.
677 4015 785 4082 ⁶lrg.§
809 4016 848 4077 11,
862 4017 922 4068 ibid.

201 4105 211 4136 ⁷
230 4107 287 4155 lbid.
302 4107 315 4172 p
331 4110 357 4167 t,
375 4109 414 4157 Na.
433 4108 457 4157 2.
