2738 4740
579 426 584 434 ’
646 461 711 525 oro

193 649 388 725 exsuperetur
409 638 436 720 ¹3
460 638 594 726 denique
616 651 776 717 careatur,
795 651 830 704 ut
850 649 983 727 nequeat
1004 662 1055 704 rer
1079 641 1165 727 ejur-

193 752 276 816 modi
295 752 394 839 legem
411 751 450 815 ab
465 752 621 817 ordinibus
640 752 749 840 rogari,
767 752 823 816 nisi
834 752 866 816 iu
881 751 998 816 duubur
1016 751 1166 838 deinceps

193 865 351 931 celebratis
373 864 532 930 ordinariis
551 866 748 931 concionibus
767 865 849 930 idem
870 886 961 950 nuper
978 864 1031 929 ilia
1051 864 1165 929 scitum

192 978 320 1063 perferri
339 977 500 1062 contigerit
510 976 533 1043 ².
557 978 656 1058 Quale
671 988 771 1041 tamen
789 975 948 1042 decretum
964 998 1004 1041 ne
1018 977 1049 1041 iu
1064 977 1165 1061 primo

192 1101 260 1174 post
287 1088 399 1154 editam
431 1090 530 1175 legem
560 1090 716 1174 publicam
747 1086 890 1153 babendo
921 1098 1074 1153 conventu
1110 1101 1165 1154 aut

193 1201 322 1285 proponi
341 1202 384 1265 fae
402 1211 478 1264 esset
493 1211 547 1265 aut
567 1213 666 1266 ratum
687 1199 802 1279 baberi,
821 1201 947 1285 insuper
966 1202 1095 1265 vetitum
1116 1223 1165 1266 re·

192 1315 327 1399 perimus
338 1311 361 1380 ³.
395 1313 514 1395 Quibus
535 1315 676 1378 omnibus
695 1313 870 1379 addendum
888 1324 944 1393 est,
964 1313 1046 1399 quod
1066 1314 1163 1400 impe-

194 1426 287 1490 rantis
308 1424 366 1490 bac
384 1427 415 1489 iu
438 1448 472 1490 re
492 1426 580 1513 iungi
598 1427 733 1512 partibor
752 1428 865 1492 vicario
885 1428 963 1514 regis
984 1427 1164 1512 permissum

193 1549 338 1615 nonest,
360 1538 417 1602 nisi
436 1539 616 1603 sententiam
642 1539 738 1625 rogati
760 1539 905 1624 principis
924 1539 1101 1625 propinqui,
1125 1539 1166 1604 de

193 1650 305 1736 quibus
328 1670 427 1714 renuo
446 1660 491 1714 est
510 1650 609 1715 Const.
631 1655 648 1737 §
671 1656 721 1727 ll,
742 1649 901 1714 consilium
929 1652 1166 1736 approbaverint

193 1761 317 1824 decreto
333 1760 371 1823 ad
390 1761 606 1845 praescriptam
627 1762 742 1826 ibidem
762 1783 902 1826 normam
925 1762 1040 1826 sancito
1057 1763 1081 1828 ⁴.

236 1870 325 1953 Quod
346 1871 449 1956 igitur,
471 1893 510 1935 ne
529 1872 589 1959 tegi
613 1873 755 1957 publicae
781 1873 870 1938 iuciie
886 1873 1096 1961 derogaretur,
1117 1875 1164 1939 di-

191 1985 336 2072 iigentius
366 1984 456 2049 etiam
486 1987 660 2071 prospicere
685 1987 801 2071 placuit
828 2007 922 2072 quam
949 2008 991 2051 ne
1017 1988 1165 2064 caeteris,

191 2098 262 2162 ideo
296 2098 461 2183 praecipue
494 2098 797 2164 commemorandum
828 2097 1052 2182 judicavimus,
1090 2103 1167 2186 quia

191 2211 409 2275 Saxonicomm
426 2209 567 2274 ordinum
588 2210 769 2296 descripturi
791 2210 1050 2295 constitutionem,
1075 2212 1107 2275 in
1129 2213 1167 2276 iia

93 2319 96 2342 '
191 2321 315 2408 quidem
333 2323 533 2406 exponendis,
553 2345 632 2409 quae
651 2323 689 2387 ad
710 2333 815 2388 coetus
834 2323 993 2410 utriusque
1012 2325 1166 2409 composi·

191 2435 305 2499 tionem
323 2434 346 2512 ⁵,
371 2455 549 2500 communes
570 2448 634 2501 tum
655 2437 797 2501 ordinum
824 2437 973 2502 societatis
992 2439 1168 2522 obeundae,

227 2667 332 2717 ¹Conrt.
349 2667 363 2734 ᾗ
380 2665 439 2729 153,
458 2667 516 2716 coll.
533 2667 546 2732 p
564 2665 621 2716 128.
656 2671 675 2717 t
700 2679 785 2718 neutro
805 2679 914 2717 coetunrn
934 2669 985 2718 ulle
1008 2679 1085 2732 potent
1102 2672 1168 2720 obiri

191 2761 346 2824 deliberetio,
364 2762 408 2809 nini
431 2777 509 2809 coreur
532 2762 631 2825 legitimi
654 2763 770 2811 roeiorunr
794 2764 885 2812 numeri
907 2773 972 2826 parte
993 2765 1023 2811 ed
1040 2765 1166 2816 rniniruurn

191 2853 296 2903 dinidin.
314 2854 342 2905 1.
355 2855 368 2918 p
383 2851 443 2904 127.

225 2945 332 2994 ‘court
349 2945 362 3009 ᾗ
378 2944 435 3004 152,
450 2947 482 2993 ri.
501 2943 525 2992 2.
561 2947 640 3007 lt'eque
659 2945 704 2994 boo
721 2946 851 3008 plenitunr,
875 2947 905 2994 ed
922 2948 1094 3010 inpediendum
1112 2969 1164 3014 quo

190 3041 268 3088 nrinue
292 3050 378 3088 tenere
400 3040 429 3088 de
454 3039 596 3087 immutanda
618 3041 668 3101 tege
687 3040 784 3102 publice
803 3040 942 3089 decernetur
960 3043 1167 3109 efficeoiminnrn,

191 3149 269 3196 neque
283 3132 362 3179 additu
377 3133 415 3180 illi
431 3133 548 3195 clausule,
564 3132 601 3195 egi
616 3149 685 3195 nuper
703 3133 837 3195 bujurrnodi
850 3135 1003 3183 innovatione
1019 3135 1045 3184 in
1055 3141 1165 3200 proximo

192 3225 301 3275 babendo
315 3225 422 3274 ordinum
438 3236 556 3273 conventu
572 3243 620 3273 non
628 3226 709 3286 licere,
719 3227 801 3276 oblato
810 3244 823 3274 ι
831 3228 974 3290 principibu·
984 3229 1043 3292 legin
1053 3232 1166 3293 publicae

191 3319 312 3383 rpeoinrini
327 3320 414 3367 ineerta
432 3319 518 3367 fueret.
536 3319 560 3365 V.
578 3318 677 3381 Speoinr.
694 3320 736 3367 cit.
753 3317 838 3384 plat,
852 3319 884 3368 nl.
901 3318 925 3370 2.

227 3411 238 3444 ⁸
255 3412 333 3460 Count.
350 3410 408 3458 ibid.

227 3505 238 3537 ⁸
253 3506 330 3553 court.
343 3500 409 3570 §12,
425 3502 456 3552 al.
474 3499 500 3563 2,
515 3501 578 3566 §IL
589 3503 622 3550 Gi.
634 3510 722 3565 lituu,
732 3503 817 3570 vernt
830 3503 873 3567 23,
884 3523 909 3569 p.
920 3504 970 3556 109
979 3515 1003 3554 et
1017 3517 1068 3556 not
1081 3511 1131 3558 iet
1141 3510 1167 3559 5.

89 3633 90 3641 .
192 3599 271 3647 Fluxit
283 3596 329 3644 boc
343 3610 437 3657 quoque
448 3602 594 3657 proecepturn
610 3609 639 3641 ex
655 3594 763 3642 ordinnrn
776 3596 805 3644 de
813 3596 866 3660 iege
875 3598 968 3660 publice
976 3600 1166 3650 conruitetione.

193 3691 311 3753 Principe·
328 3691 361 3736 ite
378 3695 525 3748 regumn,
537 3695 572 3747 nt,
589 3686 651 3747 quod
666 3687 696 3734 ad
714 3687 810 3736 iorum
828 3690 957 3739 inuornndi
968 3691 1030 3739 nibil
1044 3694 1168 3756 ringoiere

194 3786 280 3834 vicario
299 3781 501 3845 prrercribenter,
517 3779 591 3827 inetur
605 3781 648 3828 rub
666 3796 695 3829 eo
708 3781 767 3843 legin
776 3783 884 3845 publicae
899 3786 1040 3833 nutatione·
1055 3787 1085 3833 ad
1103 3788 1168 3837 iilud

194 3877 262 3927 nodo
276 3885 375 3938 tenpur,
385 3891 432 3936 quo
448 3889 525 3921 rerum
538 3873 587 3935 ipee
603 3888 644 3920 rex
657 3873 774 3936 potiturus
787 3876 828 3935 rit,
839 3875 953 3924 velitum
961 3880 1168 3939 pronuntiarent.

195 3974 224 4020 bt
237 3980 327 4031 contre,
348 3978 374 4015 ut
390 3976 490 4030 perrtnre
505 3966 535 4013 iir
545 3965 606 4028 juri·
632 3967 697 4029 rigor
713 3966 818 4031 deberet,
835 3968 949 4017 nncitmn
965 3977 1010 4018 eet.
1028 3968 1081 4018 tit.
1097 3971 1168 4035 Spee,

195 4064 235 4114 eit.
252 4064 265 4127 ὁ
284 4060 324 4122 11,
343 4061 399 4109 coli.
417 4061 495 4107 Count.
514 4059 528 4124 ᾗ
548 4056 589 4119 12,
608 4058 639 4105 nl.
659 4055 683 4107 2.

231 4152 334 4202 'Conon
351 4152 379 4218 §p
396 4148 509 4205 63-69.
