<?xml version="1.0" encoding="UTF-8"?>
<!DOCTYPE html PUBLIC "-//W3C//DTD XHTML 1.0 Transitional//EN"
    "http://www.w3.org/TR/xhtml1/DTD/xhtml1-transitional.dtd">
<html xmlns="http://www.w3.org/1999/xhtml" xml:lang="en" lang="en">
 <head>
  <title>
</title>
<meta http-equiv="Content-Type" content="text/html;charset=utf-8" />
  <meta name='ocr-system' content='tesseract 3.04.00' />
  <meta name='ocr-capabilities' content='ocr_page ocr_carea ocr_par ocr_line ocrx_word'/>
</head>
<body>
  <div class='ocr_page' id='page_1' title='image "./specimenjurispu00backgoog_0240.png"; bbox 0 0 2738 4740; ppageno 0'>
   <div class='ocr_carea' id='block_1_1' title="bbox 633 424 696 485">
    <p class='ocr_par' dir='ltr' id='par_1_1' title="bbox 633 424 696 485">
     <span class='ocr_line' id='line_1_1' title="bbox 633 424 696 485; baseline -0.032 0"><span class='ocrx_word' id='word_1_1' title='bbox 633 424 696 485; x_wconf 86' lang='lat'><strong>215</strong></span> 
     </span>
    </p>
   </div>
   <div class='ocr_carea' id='block_1_2' title="bbox 196 605 1176 2717">
    <p class='ocr_par' dir='ltr' id='par_1_2' title="bbox 196 605 1176 2717">
     <span class='ocr_line' id='line_1_2' title="bbox 240 605 1157 694; baseline -0.001 -21"><span class='ocrx_word' id='word_1_2' title='bbox 240 612 441 675; x_wconf 86' lang='lat' dir='ltr'><strong>Instauratum</strong></span> <span class='ocrx_word' id='word_1_3' title='bbox 465 630 555 694; x_wconf 87' lang='lat' dir='ltr'><strong>porro</strong></span> <span class='ocrx_word' id='word_1_4' title='bbox 584 618 628 670; x_wconf 88' lang='lat' dir='ltr'><strong>est</strong></span> <span class='ocrx_word' id='word_1_5' title='bbox 650 605 741 672; x_wconf 87' lang='lat' dir='ltr'><strong>edicti</strong></span> <span class='ocrx_word' id='word_1_6' title='bbox 764 605 794 672; x_wconf 94' lang='lat' dir='ltr'><strong>d.</strong></span> <span class='ocrx_word' id='word_1_7' title='bbox 823 611 837 671; x_wconf 93' lang='grc'><strong>1</strong></span> <span class='ocrx_word' id='word_1_8' title='bbox 868 607 989 674; x_wconf 75' lang='lat' dir='ltr'><strong>Ianuar.</strong></span> <span class='ocrx_word' id='word_1_9' title='bbox 1018 630 1046 674; x_wconf 90' lang='lat' dir='ltr'><strong>a.</strong></span> <span class='ocrx_word' id='word_1_10' title='bbox 1074 609 1157 672; x_wconf 88' lang='grc'><strong>1822</strong></span> 
     </span>
     <span class='ocr_line' id='line_1_3' title="bbox 196 721 1159 815; baseline -0.001 -27"><span class='ocrx_word' id='word_1_11' title='bbox 196 725 351 811; x_wconf 89' lang='lat' dir='ltr'><strong>placitum,</strong></span> <span class='ocrx_word' id='word_1_12' title='bbox 375 749 415 790; x_wconf 91' lang='lat' dir='ltr'><strong>ne</strong></span> <span class='ocrx_word' id='word_1_13' title='bbox 439 725 489 790; x_wconf 90' lang='lat' dir='ltr'><strong>oui</strong></span> <span class='ocrx_word' id='word_1_14' title='bbox 507 724 630 815; x_wconf 84' lang='lat' dir='ltr'><strong>alterius</strong></span> <span class='ocrx_word' id='word_1_15' title='bbox 647 721 734 808; x_wconf 82' lang='lat' dir='ltr'><strong>regni</strong></span> <span class='ocrx_word' id='word_1_16' title='bbox 753 732 858 788; x_wconf 87' lang='lat' dir='ltr'><strong>coetus</strong></span> <span class='ocrx_word' id='word_1_17' title='bbox 875 745 911 787; x_wconf 89' lang='lat' dir='ltr'><strong>ae</strong></span> <span class='ocrx_word' id='word_1_18' title='bbox 926 724 1159 808; x_wconf 79' lang='lat' dir='ltr'><strong>provincialium</strong></span> 
     </span>
     <span class='ocr_line' id='line_1_4' title="bbox 196 834 1160 914; baseline -0.002 -11"><span class='ocrx_word' id='word_1_19' title='bbox 196 839 388 903; x_wconf 85' lang='lat' dir='ltr'><strong>comitiorum</strong></span> <span class='ocrx_word' id='word_1_20' title='bbox 415 838 506 901; x_wconf 90' lang='lat' dir='ltr'><strong>simul</strong></span> <span class='ocrx_word' id='word_1_21' title='bbox 532 835 578 899; x_wconf 95' lang='lat' dir='ltr'><strong>uti</strong></span> <span class='ocrx_word' id='word_1_22' title='bbox 606 836 747 900; x_wconf 79' lang='lat' dir='ltr'><strong>societate</strong></span> <span class='ocrx_word' id='word_1_23' title='bbox 777 835 883 899; x_wconf 88' lang='lat' dir='ltr'><strong>liceret</strong></span> <span class='ocrx_word' id='word_1_24' title='bbox 901 834 930 914; x_wconf 83' lang='lat'><strong>¹3</strong></span> <span class='ocrx_word' id='word_1_25' title='bbox 966 836 1009 900; x_wconf 90' lang='lat' dir='ltr'><strong>sic</strong></span> <span class='ocrx_word' id='word_1_26' title='bbox 1041 848 1160 912; x_wconf 74' lang='lat' dir='ltr'><strong>umen,</strong></span> 
     </span>
     <span class='ocr_line' id='line_1_5' title="bbox 196 945 1162 1034; baseline -0.004 -19"><span class='ocrx_word' id='word_1_27' title='bbox 196 962 230 1015; x_wconf 95' lang='lat' dir='ltr'><strong>ut</strong></span> <span class='ocrx_word' id='word_1_28' title='bbox 249 949 333 1016; x_wconf 86' lang='lat' dir='ltr'><strong>hisee</strong></span> <span class='ocrx_word' id='word_1_29' title='bbox 345 948 488 1033; x_wconf 75' lang='lat' dir='ltr'><strong>adscripti</strong></span> <span class='ocrx_word' id='word_1_30' title='bbox 508 948 639 1014; x_wconf 90' lang='lat' dir='ltr'><strong>oblatam</strong></span> <span class='ocrx_word' id='word_1_31' title='bbox 657 946 712 1011; x_wconf 89' lang='lat' dir='ltr'><strong>sibi</strong></span> <span class='ocrx_word' id='word_1_32' title='bbox 738 945 848 1011; x_wconf 88' lang='lat' dir='ltr'><strong>deinde</strong></span> <span class='ocrx_word' id='word_1_33' title='bbox 869 947 901 1010; x_wconf 93' lang='lat' dir='ltr'><strong>iu</strong></span> <span class='ocrx_word' id='word_1_34' title='bbox 924 947 1014 1011; x_wconf 83' lang='lat' dir='ltr'><strong>illum</strong></span> <span class='ocrx_word' id='word_1_35' title='bbox 1034 949 1162 1034; x_wconf 81' lang='lat' dir='ltr'><strong>legatio-</strong></span> 
     </span>
     <span class='ocr_line' id='line_1_6' title="bbox 196 1058 1164 1144; baseline -0.005 -17"><span class='ocrx_word' id='word_1_36' title='bbox 196 1084 268 1127; x_wconf 92' lang='lat' dir='ltr'><strong>nem</strong></span> <span class='ocrx_word' id='word_1_37' title='bbox 289 1063 418 1125; x_wconf 90' lang='lat' dir='ltr'><strong>minime</strong></span> <span class='ocrx_word' id='word_1_38' title='bbox 438 1070 558 1144; x_wconf 79' lang='lat' dir='ltr'><strong>possent</strong></span> <span class='ocrx_word' id='word_1_39' title='bbox 578 1059 740 1143; x_wconf 92' lang='lat' dir='ltr'><strong>repudiare</strong></span> <span class='ocrx_word' id='word_1_40' title='bbox 755 1059 778 1123; x_wconf 84' lang='lat'><strong>².</strong></span> <span class='ocrx_word' id='word_1_41' title='bbox 823 1060 925 1122; x_wconf 78' lang='lat' dir='ltr'><strong>Atrei</strong></span> <span class='ocrx_word' id='word_1_42' title='bbox 944 1058 1164 1142; x_wconf 83' lang='lat' dir='ltr'><strong>publicaema·</strong></span> 
     </span>
     <span class='ocr_line' id='line_1_7' title="bbox 199 1170 1166 1261; baseline -0.003 -24"><span class='ocrx_word' id='word_1_43' title='bbox 199 1174 374 1261; x_wconf 83' lang='lat' dir='ltr'><strong>gistratibus</strong></span> <span class='ocrx_word' id='word_1_44' title='bbox 407 1171 593 1257; x_wconf 80' lang='lat' dir='ltr'><strong>provinciale</strong></span> <span class='ocrx_word' id='word_1_45' title='bbox 631 1171 829 1256; x_wconf 89' lang='lat' dir='ltr'><strong>suscipiendi·</strong></span> <span class='ocrx_word' id='word_1_46' title='bbox 849 1170 1028 1237; x_wconf 90' lang='lat' dir='ltr'><strong>mandatum</strong></span> <span class='ocrx_word' id='word_1_47' title='bbox 1065 1191 1166 1256; x_wconf 90' lang='lat' dir='ltr'><strong>neque</strong></span> 
     </span>
     <span class='ocr_line' id='line_1_8' title="bbox 198 1283 1168 1369; baseline -0.002 -19"><span class='ocrx_word' id='word_1_48' title='bbox 198 1287 351 1350; x_wconf 87' lang='lat' dir='ltr'><strong>ademtam</strong></span> <span class='ocrx_word' id='word_1_49' title='bbox 375 1285 551 1350; x_wconf 78' lang='lat' dir='ltr'><strong>facultatem</strong></span> <span class='ocrx_word' id='word_1_50' title='bbox 582 1305 641 1348; x_wconf 90' lang='lat' dir='ltr'><strong>nec</strong></span> <span class='ocrx_word' id='word_1_51' title='bbox 667 1293 850 1349; x_wconf 80' lang='lat' dir='ltr'><strong>coarctatam</strong></span> <span class='ocrx_word' id='word_1_52' title='bbox 874 1285 1041 1369; x_wconf 88' lang='lat' dir='ltr'><strong>reperimus</strong></span> <span class='ocrx_word' id='word_1_53' title='bbox 1062 1283 1085 1350; x_wconf 85' lang='lat'><strong>³.</strong></span> <span class='ocrx_word' id='word_1_54' title='bbox 1131 1285 1168 1348; x_wconf 92' lang='lat' dir='ltr'><strong>ln</strong></span> 
     </span>
     <span class='ocr_line' id='line_1_9' title="bbox 201 1396 1167 1485; baseline -0.003 -22"><span class='ocrx_word' id='word_1_55' title='bbox 201 1422 238 1463; x_wconf 92' lang='lat' dir='ltr'><strong>eo</strong></span> <span class='ocrx_word' id='word_1_56' title='bbox 256 1420 383 1485; x_wconf 86' lang='lat' dir='ltr'><strong>quoque</strong></span> <span class='ocrx_word' id='word_1_57' title='bbox 400 1396 477 1463; x_wconf 88' lang='lat' dir='ltr'><strong>haec</strong></span> <span class='ocrx_word' id='word_1_58' title='bbox 496 1399 543 1462; x_wconf 85' lang='lat' dir='ltr'><strong>lex</strong></span> <span class='ocrx_word' id='word_1_59' title='bbox 570 1397 705 1462; x_wconf 91' lang='lat' dir='ltr'><strong>edictum</strong></span> <span class='ocrx_word' id='word_1_60' title='bbox 730 1396 769 1462; x_wconf 89' lang='lat' dir='ltr'><strong>de</strong></span> <span class='ocrx_word' id='word_1_61' title='bbox 792 1396 950 1462; x_wconf 79' lang='lat' dir='ltr'><strong>ordinibus</strong></span> <span class='ocrx_word' id='word_1_62' title='bbox 978 1407 1080 1462; x_wconf 84' lang='lat' dir='ltr'><strong>secuta</strong></span> <span class='ocrx_word' id='word_1_63' title='bbox 1105 1418 1167 1460; x_wconf 91' lang='lat' dir='ltr'><strong>nou</strong></span> 
     </span>
     <span class='ocr_line' id='line_1_10' title="bbox 201 1508 1168 1597; baseline -0.002 -23"><span class='ocrx_word' id='word_1_64' title='bbox 201 1522 264 1589; x_wconf 90' lang='lat' dir='ltr'><strong>est,</strong></span> <span class='ocrx_word' id='word_1_65' title='bbox 285 1510 369 1597; x_wconf 91' lang='lat' dir='ltr'><strong>quod</strong></span> <span class='ocrx_word' id='word_1_66' title='bbox 396 1511 511 1597; x_wconf 90' lang='lat' dir='ltr'><strong>cuique</strong></span> <span class='ocrx_word' id='word_1_67' title='bbox 528 1508 593 1575; x_wconf 80' lang='lat' dir='ltr'><strong>sire</strong></span> <span class='ocrx_word' id='word_1_68' title='bbox 618 1508 779 1575; x_wconf 91' lang='lat' dir='ltr'><strong>candidato</strong></span> <span class='ocrx_word' id='word_1_69' title='bbox 798 1511 896 1575; x_wconf 87' lang='lat' dir='ltr'><strong>electo</strong></span> <span class='ocrx_word' id='word_1_70' title='bbox 914 1511 980 1575; x_wconf 88' lang='lat' dir='ltr'><strong>sive</strong></span> <span class='ocrx_word' id='word_1_71' title='bbox 997 1509 1168 1574; x_wconf 90' lang='lat' dir='ltr'><strong>consiliario</strong></span> 
     </span>
     <span class='ocr_line' id='line_1_11' title="bbox 201 1619 1171 1709; baseline -0.007 -23"><span class='ocrx_word' id='word_1_72' title='bbox 201 1646 218 1686; x_wconf 91' lang='lat' dir='ltr'><strong>a</strong></span> <span class='ocrx_word' id='word_1_73' title='bbox 240 1643 312 1709; x_wconf 85' lang='lat' dir='ltr'><strong>rege</strong></span> <span class='ocrx_word' id='word_1_74' title='bbox 332 1619 488 1686; x_wconf 87' lang='lat' dir='ltr'><strong>nominato</strong></span> <span class='ocrx_word' id='word_1_75' title='bbox 505 1621 633 1687; x_wconf 80' lang='lat' dir='ltr'><strong>liberam</strong></span> <span class='ocrx_word' id='word_1_76' title='bbox 647 1622 741 1708; x_wconf 91' lang='lat' dir='ltr'><strong>plane</strong></span> <span class='ocrx_word' id='word_1_77' title='bbox 759 1620 884 1708; x_wconf 87' lang='lat' dir='ltr'><strong>reliquit</strong></span> <span class='ocrx_word' id='word_1_78' title='bbox 901 1621 941 1685; x_wconf 90' lang='lat' dir='ltr'><strong>ab</strong></span> <span class='ocrx_word' id='word_1_79' title='bbox 965 1620 1023 1684; x_wconf 88' lang='lat' dir='ltr'><strong>isto</strong></span> <span class='ocrx_word' id='word_1_80' title='bbox 1044 1638 1171 1682; x_wconf 89' lang='lat' dir='ltr'><strong>munere</strong></span> 
     </span>
     <span class='ocr_line' id='line_1_12' title="bbox 203 1729 1169 1821; baseline -0.008 -22"><span class='ocrx_word' id='word_1_81' title='bbox 203 1733 570 1821; x_wconf 81' lang='lat' dir='ltr'><strong>gerendoeacusationem</strong></span> <span class='ocrx_word' id='word_1_82' title='bbox 590 1735 614 1801; x_wconf 71' lang='lat'><strong>⁴.</strong></span> <span class='ocrx_word' id='word_1_83' title='bbox 660 1734 768 1817; x_wconf 89' lang='lat' dir='ltr'><strong>Quod,</strong></span> <span class='ocrx_word' id='word_1_84' title='bbox 790 1734 846 1798; x_wconf 91' lang='lat' dir='ltr'><strong>ubi</strong></span> <span class='ocrx_word' id='word_1_85' title='bbox 866 1743 1041 1819; x_wconf 86' lang='lat' dir='ltr'><strong>susceptum</strong></span> <span class='ocrx_word' id='word_1_86' title='bbox 1060 1729 1169 1805; x_wconf 81' lang='lat' dir='ltr'><strong>faerit,</strong></span> 
     </span>
     <span class='ocr_line' id='line_1_13' title="bbox 203 1843 1172 1932; baseline -0.003 -21"><span class='ocrx_word' id='word_1_87' title='bbox 203 1848 284 1911; x_wconf 85' lang='lat' dir='ltr'><strong>ultro</strong></span> <span class='ocrx_word' id='word_1_88' title='bbox 305 1846 442 1912; x_wconf 89' lang='lat' dir='ltr'><strong>abdicari</strong></span> <span class='ocrx_word' id='word_1_89' title='bbox 468 1858 591 1932; x_wconf 88' lang='lat' dir='ltr'><strong>propter</strong></span> <span class='ocrx_word' id='word_1_90' title='bbox 621 1847 689 1911; x_wconf 89' lang='lat' dir='ltr'><strong>illas</strong></span> <span class='ocrx_word' id='word_1_91' title='bbox 714 1857 832 1912; x_wconf 88' lang='lat' dir='ltr'><strong>tautum</strong></span> <span class='ocrx_word' id='word_1_92' title='bbox 857 1867 959 1912; x_wconf 82' lang='lat' dir='ltr'><strong>causas</strong></span> <span class='ocrx_word' id='word_1_93' title='bbox 982 1845 1069 1927; x_wconf 85' lang='lat' dir='ltr'><strong>licet,</strong></span> <span class='ocrx_word' id='word_1_94' title='bbox 1089 1843 1172 1909; x_wconf 87' lang='lat' dir='ltr'><strong>unde</strong></span> 
     </span>
     <span class='ocr_line' id='line_1_14' title="bbox 202 1959 1172 2047; baseline -0.004 -22"><span class='ocrx_word' id='word_1_95' title='bbox 202 1959 357 2045; x_wconf 86' lang='lat' dir='ltr'><strong>popularis</strong></span> <span class='ocrx_word' id='word_1_96' title='bbox 376 1959 575 2045; x_wconf 78' lang='lat' dir='ltr'><strong>deponendae</strong></span> <span class='ocrx_word' id='word_1_97' title='bbox 594 1960 753 2047; x_wconf 82' lang='lat' dir='ltr'><strong>legationis</strong></span> <span class='ocrx_word' id='word_1_98' title='bbox 768 1961 820 2044; x_wconf 88' lang='lat' dir='ltr'><strong>jus</strong></span> <span class='ocrx_word' id='word_1_99' title='bbox 834 1960 928 2038; x_wconf 72' lang='lat' dir='ltr'><strong>nuci,</strong></span> <span class='ocrx_word' id='word_1_100' title='bbox 939 1959 1005 2047; x_wconf 62' lang='lat'><strong>§⁹1³⁴</strong></span> <span class='ocrx_word' id='word_1_101' title='bbox 1016 1963 1056 2024; x_wconf 81' lang='lat'><strong>47</strong></span> <span class='ocrx_word' id='word_1_102' title='bbox 1074 1969 1105 2023; x_wconf 91' lang='lat' dir='ltr'><strong>et</strong></span> <span class='ocrx_word' id='word_1_103' title='bbox 1120 1961 1172 2033; x_wconf 79' lang='lat' dir='ltr'><strong>tt,</strong></span> 
     </span>
     <span class='ocr_line' id='line_1_15' title="bbox 202 2071 1174 2150; baseline -0.002 -15"><span class='ocrx_word' id='word_1_104' title='bbox 202 2072 260 2140; x_wconf 87' lang='lat' dir='ltr'><strong>litt.</strong></span> <span class='ocrx_word' id='word_1_105' title='bbox 280 2095 308 2150; x_wconf 90' lang='lat' dir='ltr'><strong>a,</strong></span> <span class='ocrx_word' id='word_1_106' title='bbox 329 2072 351 2137; x_wconf 93' lang='lat' dir='ltr'>b</span> <span class='ocrx_word' id='word_1_107' title='bbox 372 2071 463 2138; x_wconf 85' lang='lat' dir='ltr'><strong>edicti</strong></span> <span class='ocrx_word' id='word_1_108' title='bbox 484 2073 523 2137; x_wconf 90' lang='lat' dir='ltr'><strong>de</strong></span> <span class='ocrx_word' id='word_1_109' title='bbox 545 2095 632 2138; x_wconf 87' lang='lat' dir='ltr'><strong>conr.</strong></span> <span class='ocrx_word' id='word_1_110' title='bbox 654 2073 738 2137; x_wconf 88' lang='lat' dir='ltr'><strong>ordd.</strong></span> <span class='ocrx_word' id='word_1_111' title='bbox 760 2071 908 2137; x_wconf 88' lang='lat' dir='ltr'><strong>doceatur</strong></span> <span class='ocrx_word' id='word_1_112' title='bbox 925 2073 949 2133; x_wconf 88' lang='lat'><strong>⁵.</strong></span> <span class='ocrx_word' id='word_1_113' title='bbox 982 2071 1174 2136; x_wconf 83' lang='lat' dir='ltr'><strong>Conveniunt</strong></span> 
     </span>
     <span class='ocr_line' id='line_1_16' title="bbox 202 2182 1173 2250; baseline -0.003 0"><span class='ocrx_word' id='word_1_114' title='bbox 202 2187 293 2250; x_wconf 89' lang='lat' dir='ltr'><strong>etiam</strong></span> <span class='ocrx_word' id='word_1_115' title='bbox 312 2186 360 2249; x_wconf 86' lang='lat' dir='ltr'><strong>lex</strong></span> <span class='ocrx_word' id='word_1_116' title='bbox 374 2195 476 2250; x_wconf 88' lang='lat' dir='ltr'><strong>nostra</strong></span> <span class='ocrx_word' id='word_1_117' title='bbox 497 2195 527 2247; x_wconf 88' lang='lat' dir='ltr'><strong>et</strong></span> <span class='ocrx_word' id='word_1_118' title='bbox 546 2185 619 2248; x_wconf 95' lang='lat' dir='ltr'><strong>anni</strong></span> <span class='ocrx_word' id='word_1_119' title='bbox 643 2187 728 2250; x_wconf 91' lang='grc'><strong>1818</strong></span> <span class='ocrx_word' id='word_1_120' title='bbox 748 2184 930 2248; x_wconf 85' lang='lat' dir='ltr'><strong>Constitutio</strong></span> <span class='ocrx_word' id='word_1_121' title='bbox 950 2184 983 2245; x_wconf 92' lang='lat' dir='ltr'><strong>in</strong></span> <span class='ocrx_word' id='word_1_122' title='bbox 1007 2182 1173 2247; x_wconf 85' lang='lat' dir='ltr'><strong>rationibus</strong></span> 
     </span>
     <span class='ocr_line' id='line_1_17' title="bbox 204 2294 1175 2383; baseline -0.002 -22"><span class='ocrx_word' id='word_1_123' title='bbox 204 2296 394 2371; x_wconf 87' lang='lat' dir='ltr'><strong>definiendis,</strong></span> <span class='ocrx_word' id='word_1_124' title='bbox 414 2297 453 2358; x_wconf 92' lang='lat' dir='ltr'><strong>ob</strong></span> <span class='ocrx_word' id='word_1_125' title='bbox 467 2317 542 2380; x_wconf 90' lang='lat' dir='ltr'><strong>quas</strong></span> <span class='ocrx_word' id='word_1_126' title='bbox 564 2294 712 2382; x_wconf 82' lang='lat' dir='ltr'><strong>dignitate</strong></span> <span class='ocrx_word' id='word_1_127' title='bbox 725 2318 779 2360; x_wconf 85' lang='lat' dir='ltr'><strong>sua</strong></span> <span class='ocrx_word' id='word_1_128' title='bbox 796 2295 907 2381; x_wconf 81' lang='lat' dir='ltr'><strong>privari</strong></span> <span class='ocrx_word' id='word_1_129' title='bbox 923 2296 1039 2383; x_wconf 83' lang='lat' dir='ltr'><strong>legatos</strong></span> <span class='ocrx_word' id='word_1_130' title='bbox 1052 2316 1175 2361; x_wconf 84' lang='lat' dir='ltr'><strong>neeesse</strong></span> 
     </span>
     <span class='ocr_line' id='line_1_18' title="bbox 205 2407 1175 2494; baseline 0 -22"><span class='ocrx_word' id='word_1_131' title='bbox 205 2410 344 2484; x_wconf 75' lang='lat' dir='ltr'><strong>futurum</strong></span> <span class='ocrx_word' id='word_1_132' title='bbox 356 2407 379 2486; x_wconf 81' lang='lat'><strong>6;</strong></span> <span class='ocrx_word' id='word_1_133' title='bbox 398 2429 516 2484; x_wconf 88' lang='lat' dir='ltr'><strong>rerum,</strong></span> <span class='ocrx_word' id='word_1_134' title='bbox 527 2429 608 2494; x_wconf 90' lang='lat' dir='ltr'><strong>quae</strong></span> <span class='ocrx_word' id='word_1_135' title='bbox 627 2409 708 2475; x_wconf 90' lang='lat' dir='ltr'><strong>circa</strong></span> <span class='ocrx_word' id='word_1_136' title='bbox 726 2407 806 2475; x_wconf 87' lang='lat' dir='ltr'><strong>hanc</strong></span> <span class='ocrx_word' id='word_1_137' title='bbox 821 2410 1019 2474; x_wconf 86' lang='lat' dir='ltr'><strong>remotionem</strong></span> <span class='ocrx_word' id='word_1_138' title='bbox 1039 2428 1175 2474; x_wconf 91' lang='lat' dir='ltr'><strong>necnon</strong></span> 
     </span>
     <span class='ocr_line' id='line_1_19' title="bbox 207 2519 1176 2610; baseline 0 -25"><span class='ocrx_word' id='word_1_139' title='bbox 207 2521 289 2586; x_wconf 88' lang='lat' dir='ltr'><strong>cirea</strong></span> <span class='ocrx_word' id='word_1_140' title='bbox 308 2519 508 2585; x_wconf 84' lang='lat' dir='ltr'><strong>voluntariam</strong></span> <span class='ocrx_word' id='word_1_141' title='bbox 525 2523 748 2587; x_wconf 85' lang='lat' dir='ltr'><strong>excusationem</strong></span> <span class='ocrx_word' id='word_1_142' title='bbox 767 2522 836 2610; x_wconf 76' lang='lat' dir='ltr'><strong>lege</strong></span> <span class='ocrx_word' id='word_1_143' title='bbox 855 2522 977 2609; x_wconf 90' lang='lat' dir='ltr'><strong>publica</strong></span> <span class='ocrx_word' id='word_1_144' title='bbox 994 2522 1176 2609; x_wconf 75' lang='lat' dir='ltr'><strong>decimoque</strong></span> 
     </span>
     <span class='ocr_line' id='line_1_20' title="bbox 207 2630 1176 2717; baseline 0.003 -23"><span class='ocrx_word' id='word_1_145' title='bbox 207 2630 245 2694; x_wconf 92' lang='lat' dir='ltr'><strong>ad</strong></span> <span class='ocrx_word' id='word_1_146' title='bbox 271 2631 357 2695; x_wconf 85' lang='lat' dir='ltr'><strong>illam</strong></span> <span class='ocrx_word' id='word_1_147' title='bbox 386 2631 555 2717; x_wconf 86' lang='lat' dir='ltr'><strong>appendice</strong></span> <span class='ocrx_word' id='word_1_148' title='bbox 584 2631 726 2698; x_wconf 88' lang='lat' dir='ltr'><strong>ordinum</strong></span> <span class='ocrx_word' id='word_1_149' title='bbox 760 2634 861 2698; x_wconf 90' lang='lat' dir='ltr'><strong>coetui</strong></span> <span class='ocrx_word' id='word_1_150' title='bbox 902 2635 1045 2700; x_wconf 89' lang='lat' dir='ltr'><strong>attributa</strong></span> <span class='ocrx_word' id='word_1_151' title='bbox 1083 2633 1176 2699; x_wconf 80' lang='lat' dir='ltr'><strong>fuerit</strong></span> 
     </span>
    </p>
   </div>
   <div class='ocr_carea' id='block_1_3' title="bbox 207 2743 1308 2829">
    <p class='ocr_par' dir='ltr' id='par_1_3' title="bbox 207 2743 1308 2829">
     <span class='ocr_line' id='line_1_21' title="bbox 207 2743 1308 2829; baseline 0.003 -21"><span class='ocrx_word' id='word_1_152' title='bbox 207 2743 379 2822; x_wconf 86' lang='lat' dir='ltr'><strong>auctoritas,</strong></span> <span class='ocrx_word' id='word_1_153' title='bbox 397 2765 475 2821; x_wconf 90' lang='lat' dir='ltr'><strong>earu,</strong></span> <span class='ocrx_word' id='word_1_154' title='bbox 495 2743 548 2809; x_wconf 92' lang='lat' dir='ltr'><strong>ubi</strong></span> <span class='ocrx_word' id='word_1_155' title='bbox 566 2743 605 2808; x_wconf 92' lang='lat' dir='ltr'><strong>de</strong></span> <span class='ocrx_word' id='word_1_156' title='bbox 622 2746 860 2829; x_wconf 83' lang='lat' dir='ltr'><strong>provincialibus</strong></span> <span class='ocrx_word' id='word_1_157' title='bbox 876 2745 1103 2812; x_wconf 87' lang='lat' dir='ltr'><strong>decernendum</strong></span> <span class='ocrx_word' id='word_1_158' title='bbox 1125 2745 1175 2820; x_wconf 88' lang='lat' dir='ltr'><strong>sit,</strong></span> <span class='ocrx_word' id='word_1_159' title='bbox 1262 2819 1265 2823; x_wconf 16' lang='lat'><strong>⁴</strong></span> <span class='ocrx_word' id='word_1_160' title='bbox 1303 2744 1308 2761; x_wconf 74' lang='grc'><em>’</em></span> 
     </span>
    </p>
   </div>
   <div class='ocr_carea' id='block_1_4' title="bbox 206 2855 1178 3282">
    <p class='ocr_par' dir='ltr' id='par_1_4' title="bbox 206 2855 1178 3282">
     <span class='ocr_line' id='line_1_22' title="bbox 206 2855 1178 2943; baseline 0.002 -26"><span class='ocrx_word' id='word_1_161' title='bbox 206 2855 239 2921; x_wconf 91' lang='lat' dir='ltr'><strong>in</strong></span> <span class='ocrx_word' id='word_1_162' title='bbox 250 2857 352 2939; x_wconf 80' lang='lat' dir='ltr'><strong>ipsum</strong></span> <span class='ocrx_word' id='word_1_163' title='bbox 368 2855 551 2940; x_wconf 89' lang='lat' dir='ltr'><strong>principem,</strong></span> <span class='ocrx_word' id='word_1_164' title='bbox 567 2857 684 2943; x_wconf 89' lang='lat' dir='ltr'><strong>quippe</strong></span> <span class='ocrx_word' id='word_1_165' title='bbox 694 2856 749 2943; x_wconf 91' lang='lat' dir='ltr'><strong>qui</strong></span> <span class='ocrx_word' id='word_1_166' title='bbox 761 2878 809 2920; x_wconf 89' lang='lat' dir='ltr'><strong>eoa</strong></span> <span class='ocrx_word' id='word_1_167' title='bbox 821 2858 1036 2936; x_wconf 79' lang='lat' dir='ltr'><strong>nominaverit,</strong></span> <span class='ocrx_word' id='word_1_168' title='bbox 1047 2857 1178 2923; x_wconf 81' lang='lat' dir='ltr'><strong>conferri</strong></span> 
     </span>
     <span class='ocr_line' id='line_1_23' title="bbox 207 2967 1178 3055; baseline 0.002 -23"><span class='ocrx_word' id='word_1_169' title='bbox 207 2969 380 3033; x_wconf 80' lang='lat' dir='ltr'><strong>invenimus</strong></span> <span class='ocrx_word' id='word_1_170' title='bbox 389 2967 413 3033; x_wconf 82' lang='lat'><strong>⁷.</strong></span> <span class='ocrx_word' id='word_1_171' title='bbox 435 2969 479 3033; x_wconf 87' lang='lat' dir='ltr'><strong>Do</strong></span> <span class='ocrx_word' id='word_1_172' title='bbox 497 2979 651 3055; x_wconf 91' lang='lat' dir='ltr'><strong>tempore,</strong></span> <span class='ocrx_word' id='word_1_173' title='bbox 674 2991 729 3055; x_wconf 88' lang='lat' dir='ltr'><strong>per</strong></span> <span class='ocrx_word' id='word_1_174' title='bbox 747 2969 833 3055; x_wconf 86' lang='lat' dir='ltr'><strong>quud</strong></span> <span class='ocrx_word' id='word_1_175' title='bbox 846 2968 905 3034; x_wconf 91' lang='lat' dir='ltr'><strong>hoe</strong></span> <span class='ocrx_word' id='word_1_176' title='bbox 925 2971 1027 3035; x_wconf 88' lang='lat' dir='ltr'><strong>miuus</strong></span> <span class='ocrx_word' id='word_1_177' title='bbox 1040 2972 1178 3049; x_wconf 85' lang='lat' dir='ltr'><strong>abeatur,</strong></span> 
     </span>
     <span class='ocr_line' id='line_1_24' title="bbox 210 3079 1177 3169; baseline 0.004 -26"><span class='ocrx_word' id='word_1_178' title='bbox 210 3080 348 3167; x_wconf 84' lang='lat' dir='ltr'><strong>legitimo</strong></span> <span class='ocrx_word' id='word_1_179' title='bbox 364 3080 466 3166; x_wconf 88' lang='lat' dir='ltr'><strong>deque</strong></span> <span class='ocrx_word' id='word_1_180' title='bbox 480 3079 572 3167; x_wconf 87' lang='lat' dir='ltr'><strong>hujus</strong></span> <span class='ocrx_word' id='word_1_181' title='bbox 589 3081 806 3147; x_wconf 85' lang='lat' dir='ltr'><strong>decedentibus</strong></span> <span class='ocrx_word' id='word_1_182' title='bbox 821 3082 1006 3169; x_wconf 85' lang='lat' dir='ltr'><strong>prorogandi</strong></span> <span class='ocrx_word' id='word_1_183' title='bbox 1023 3084 1177 3162; x_wconf 76' lang='lat' dir='ltr'><strong>facultate,</strong></span> 
     </span>
     <span class='ocr_line' id='line_1_25' title="bbox 212 3192 1177 3282; baseline 0.003 -26"><span class='ocrx_word' id='word_1_184' title='bbox 212 3192 317 3257; x_wconf 91' lang='lat' dir='ltr'><strong>eadem</strong></span> <span class='ocrx_word' id='word_1_185' title='bbox 337 3203 426 3258; x_wconf 88' lang='lat' dir='ltr'><strong>cauta</strong></span> <span class='ocrx_word' id='word_1_186' title='bbox 448 3195 586 3273; x_wconf 75' lang='lat' dir='ltr'><strong>suerunt,</strong></span> <span class='ocrx_word' id='word_1_187' title='bbox 605 3217 684 3282; x_wconf 92' lang='lat' dir='ltr'><strong>quac</strong></span> <span class='ocrx_word' id='word_1_188' title='bbox 703 3218 738 3259; x_wconf 89' lang='lat' dir='ltr'><strong>ex</strong></span> <span class='ocrx_word' id='word_1_189' title='bbox 757 3195 857 3261; x_wconf 87' lang='lat' dir='ltr'><strong>edicto</strong></span> <span class='ocrx_word' id='word_1_190' title='bbox 870 3194 900 3260; x_wconf 94' lang='lat' dir='ltr'><strong>d.</strong></span> <span class='ocrx_word' id='word_1_191' title='bbox 920 3203 932 3259; x_wconf 91' lang='lat' dir='ltr'>l</span> <span class='ocrx_word' id='word_1_192' title='bbox 952 3197 1075 3263; x_wconf 86' lang='lat' dir='ltr'><strong>Januar.</strong></span> <span class='ocrx_word' id='word_1_193' title='bbox 1094 3198 1177 3261; x_wconf 80' lang='lat'><strong>1822</strong></span> 
     </span>
    </p>
   </div>
   <div class='ocr_carea' id='block_1_5' title="bbox 212 3361 1183 4175">
    <p class='ocr_par' dir='ltr' id='par_1_5' title="bbox 212 3361 1183 4175">
     <span class='ocr_line' id='line_1_26' title="bbox 248 3361 1124 3433; baseline 0.005 -21"><span class='ocrx_word' id='word_1_194' title='bbox 248 3364 254 3396; x_wconf 84' lang='lat'><strong>¹</strong></span> <span class='ocrx_word' id='word_1_195' title='bbox 270 3363 327 3413; x_wconf 69' lang='lat' dir='ltr'><strong>aad.</strong></span> <span class='ocrx_word' id='word_1_196' title='bbox 343 3364 361 3413; x_wconf 88' lang='lat'><strong>1.</strong></span> <span class='ocrx_word' id='word_1_197' title='bbox 378 3364 392 3428; x_wconf 92' lang='grc'><strong>8</strong></span> <span class='ocrx_word' id='word_1_198' title='bbox 410 3361 456 3424; x_wconf 94' lang='lat' dir='ltr'><strong>ll,</strong></span> <span class='ocrx_word' id='word_1_199' title='bbox 476 3365 509 3410; x_wconf 86' lang='lat' dir='ltr'><strong>ai.</strong></span> <span class='ocrx_word' id='word_1_200' title='bbox 525 3363 548 3424; x_wconf 93' lang='lat' dir='ltr'><strong>l,</strong></span> <span class='ocrx_word' id='word_1_201' title='bbox 567 3363 623 3412; x_wconf 82' lang='lat' dir='ltr'><strong>coll.</strong></span> <span class='ocrx_word' id='word_1_202' title='bbox 639 3365 726 3414; x_wconf 87' lang='lat' dir='ltr'><strong>decret.</strong></span> <span class='ocrx_word' id='word_1_203' title='bbox 745 3365 757 3412; x_wconf 92' lang='lat' dir='ltr'>l</span> <span class='ocrx_word' id='word_1_204' title='bbox 773 3369 870 3416; x_wconf 83' lang='lat' dir='ltr'><strong>Jauuar.</strong></span> <span class='ocrx_word' id='word_1_205' title='bbox 891 3362 967 3426; x_wconf 86' lang='lat'><strong>1822,</strong></span> <span class='ocrx_word' id='word_1_206' title='bbox 982 3367 1088 3433; x_wconf 76' lang='grc' dir='ltr'><strong>811,ἰυ</strong></span> <span class='ocrx_word' id='word_1_207' title='bbox 1106 3369 1124 3417; x_wconf 83' lang='lat'><strong>1.</strong></span> 
     </span>
     <span class='ocr_line' id='line_1_27' title="bbox 246 3455 544 3522; baseline -0.007 -15"><span class='ocrx_word' id='word_1_208' title='bbox 246 3457 257 3489; x_wconf 81' lang='lat'>²</span> <span class='ocrx_word' id='word_1_209' title='bbox 274 3456 330 3506; x_wconf 72' lang='lat' dir='ltr'><strong>aar.</strong></span> <span class='ocrx_word' id='word_1_210' title='bbox 346 3457 393 3522; x_wconf 83' lang='lat'><strong>1.§</strong></span> <span class='ocrx_word' id='word_1_211' title='bbox 411 3455 452 3517; x_wconf 90' lang='lat' dir='ltr'><strong>ll,</strong></span> <span class='ocrx_word' id='word_1_212' title='bbox 469 3457 500 3504; x_wconf 84' lang='lat' dir='ltr'><strong>al.</strong></span> <span class='ocrx_word' id='word_1_213' title='bbox 519 3455 544 3505; x_wconf 90' lang='lat'><strong>2.</strong></span> 
     </span>
     <span class='ocr_line' id='line_1_28' title="bbox 247 3549 1180 3618; baseline 0.001 -18"><span class='ocrx_word' id='word_1_214' title='bbox 247 3550 257 3583; x_wconf 87' lang='lat'><strong>³</strong></span> <span class='ocrx_word' id='word_1_215' title='bbox 274 3553 327 3615; x_wconf 66' lang='grc' dir='ltr'><strong>Δις.</strong></span> <span class='ocrx_word' id='word_1_216' title='bbox 340 3552 415 3615; x_wconf 79' lang='lat' dir='ltr'><strong>ejusd.</strong></span> <span class='ocrx_word' id='word_1_217' title='bbox 425 3552 472 3614; x_wconf 73' lang='lat' dir='ltr'><strong>leg.</strong></span> <span class='ocrx_word' id='word_1_218' title='bbox 482 3549 548 3618; x_wconf 90' lang='grc'><strong>811,</strong></span> <span class='ocrx_word' id='word_1_219' title='bbox 558 3553 589 3600; x_wconf 84' lang='lat' dir='ltr'><strong>al.</strong></span> <span class='ocrx_word' id='word_1_220' title='bbox 603 3551 627 3612; x_wconf 88' lang='grc'><strong>3,</strong></span> <span class='ocrx_word' id='word_1_221' title='bbox 637 3553 768 3602; x_wconf 74' lang='grc' dir='ltr'><strong>οοΙΙ.ο(11ο1.</strong></span> <span class='ocrx_word' id='word_1_222' title='bbox 777 3555 805 3602; x_wconf 89' lang='lat' dir='ltr'><strong>de</strong></span> <span class='ocrx_word' id='word_1_223' title='bbox 813 3571 882 3602; x_wconf 85' lang='lat' dir='ltr'><strong>cour.</strong></span> <span class='ocrx_word' id='word_1_224' title='bbox 891 3554 969 3602; x_wconf 87' lang='lat' dir='ltr'><strong>ordin.</strong></span> <span class='ocrx_word' id='word_1_225' title='bbox 978 3556 1003 3603; x_wconf 86' lang='lat' dir='ltr'><strong>T.</strong></span> <span class='ocrx_word' id='word_1_226' title='bbox 1013 3555 1032 3613; x_wconf 89' lang='lat'><strong>1,</strong></span> <span class='ocrx_word' id='word_1_227' title='bbox 1040 3553 1052 3616; x_wconf 85' lang='grc'><strong>8</strong></span> <span class='ocrx_word' id='word_1_228' title='bbox 1060 3555 1101 3616; x_wconf 84' lang='grc'><strong>11,</strong></span> <span class='ocrx_word' id='word_1_229' title='bbox 1111 3553 1148 3601; x_wconf 89' lang='lat' dir='ltr'><strong>lit.</strong></span> <span class='ocrx_word' id='word_1_230' title='bbox 1159 3570 1180 3601; x_wconf 87' lang='lat' dir='ltr'><strong>e.</strong></span> 
     </span>
     <span class='ocr_line' id='line_1_29' title="bbox 247 3642 1182 3711; baseline 0.003 -19"><span class='ocrx_word' id='word_1_231' title='bbox 247 3643 258 3676; x_wconf 68' lang='lat'><strong>⁴</strong></span> <span class='ocrx_word' id='word_1_232' title='bbox 275 3643 330 3692; x_wconf 68' lang='lat' dir='ltr'><strong>eea.</strong></span> <span class='ocrx_word' id='word_1_233' title='bbox 347 3644 391 3708; x_wconf 82' lang='grc'><strong>18</strong></span> <span class='ocrx_word' id='word_1_234' title='bbox 408 3642 450 3704; x_wconf 90' lang='grc'><strong>18,</strong></span> <span class='ocrx_word' id='word_1_235' title='bbox 466 3644 522 3692; x_wconf 85' lang='lat' dir='ltr'><strong>coll.</strong></span> <span class='ocrx_word' id='word_1_236' title='bbox 540 3644 609 3691; x_wconf 89' lang='lat' dir='ltr'><strong>edict.</strong></span> <span class='ocrx_word' id='word_1_237' title='bbox 627 3644 656 3690; x_wconf 89' lang='lat' dir='ltr'><strong>de</strong></span> <span class='ocrx_word' id='word_1_238' title='bbox 672 3660 740 3694; x_wconf 85' lang='lat' dir='ltr'><strong>conr.</strong></span> <span class='ocrx_word' id='word_1_239' title='bbox 758 3647 836 3694; x_wconf 88' lang='lat' dir='ltr'><strong>ordin.</strong></span> <span class='ocrx_word' id='word_1_240' title='bbox 851 3649 877 3694; x_wconf 79' lang='grc'><strong>1.</strong></span> <span class='ocrx_word' id='word_1_241' title='bbox 895 3648 915 3706; x_wconf 92' lang='grc'><strong>1,</strong></span> <span class='ocrx_word' id='word_1_242' title='bbox 930 3647 944 3711; x_wconf 83' lang='grc'><strong>8</strong></span> <span class='ocrx_word' id='word_1_243' title='bbox 960 3649 1001 3705; x_wconf 82' lang='grc'><strong>11,</strong></span> <span class='ocrx_word' id='word_1_244' title='bbox 1015 3647 1101 3694; x_wconf 82' lang='lat' dir='ltr'><strong>decret.</strong></span> <span class='ocrx_word' id='word_1_245' title='bbox 1115 3645 1127 3693; x_wconf 97' lang='lat' dir='ltr'>l</span> <span class='ocrx_word' id='word_1_246' title='bbox 1141 3647 1182 3695; x_wconf 79' lang='lat' dir='ltr'><strong>Je-</strong></span> 
     </span>
     <span class='ocr_line' id='line_1_30' title="bbox 212 3734 487 3801; baseline -0.018 -13"><span class='ocrx_word' id='word_1_247' title='bbox 212 3755 280 3789; x_wconf 83' lang='lat' dir='ltr'><strong>uuar.</strong></span> <span class='ocrx_word' id='word_1_248' title='bbox 299 3734 375 3797; x_wconf 86' lang='lat'><strong>1822,</strong></span> <span class='ocrx_word' id='word_1_249' title='bbox 392 3737 406 3801; x_wconf 88' lang='grc'><strong>8</strong></span> <span class='ocrx_word' id='word_1_250' title='bbox 424 3736 487 3784; x_wconf 87' lang='grc'><strong>1111.</strong></span> 
     </span>
     <span class='ocr_line' id='line_1_31' title="bbox 248 3827 945 3897; baseline -0.003 -17"><span class='ocrx_word' id='word_1_251' title='bbox 248 3832 330 3880; x_wconf 68' lang='lat' dir='ltr'><strong>‘Eud</strong></span> <span class='ocrx_word' id='word_1_252' title='bbox 348 3832 366 3878; x_wconf 94' lang='lat'><strong>1.</strong></span> <span class='ocrx_word' id='word_1_253' title='bbox 418 3827 461 3890; x_wconf 88' lang='lat'><strong>22,</strong></span> <span class='ocrx_word' id='word_1_254' title='bbox 480 3828 536 3877; x_wconf 81' lang='lat'><strong>0011.</strong></span> <span class='ocrx_word' id='word_1_255' title='bbox 549 3827 636 3878; x_wconf 82' lang='lat' dir='ltr'><strong>decret.</strong></span> <span class='ocrx_word' id='word_1_256' title='bbox 656 3829 668 3876; x_wconf 95' lang='lat' dir='ltr'><strong>l</strong></span> <span class='ocrx_word' id='word_1_257' title='bbox 690 3831 744 3879; x_wconf 83' lang='lat' dir='ltr'><strong>Jan.</strong></span> <span class='ocrx_word' id='word_1_258' title='bbox 764 3828 945 3897; x_wconf 81' lang='grc'><strong>1822,81111.</strong></span> 
     </span>
     <span class='ocr_line' id='line_1_32' title="bbox 248 3918 1025 3990; baseline -0.001 -18"><span class='ocrx_word' id='word_1_259' title='bbox 248 3924 258 3956; x_wconf 76' lang='grc'><strong>1</strong></span> <span class='ocrx_word' id='word_1_260' title='bbox 275 3925 330 3973; x_wconf 77' lang='lat' dir='ltr'><strong>Eud.</strong></span> <span class='ocrx_word' id='word_1_261' title='bbox 349 3924 368 3970; x_wconf 93' lang='lat'><strong>1.</strong></span> <span class='ocrx_word' id='word_1_262' title='bbox 386 3923 400 3988; x_wconf 84' lang='grc'><strong>8</strong></span> <span class='ocrx_word' id='word_1_263' title='bbox 420 3918 462 3983; x_wconf 86' lang='grc'><strong>22,</strong></span> <span class='ocrx_word' id='word_1_264' title='bbox 477 3938 500 3982; x_wconf 83' lang='lat' dir='ltr'><strong>a,</strong></span> <span class='ocrx_word' id='word_1_265' title='bbox 513 3920 537 3981; x_wconf 88' lang='lat' dir='ltr'><strong>b,</strong></span> <span class='ocrx_word' id='word_1_266' title='bbox 555 3920 612 3970; x_wconf 84' lang='lat' dir='ltr'><strong>coll.</strong></span> <span class='ocrx_word' id='word_1_267' title='bbox 628 3920 752 3970; x_wconf 80' lang='lat' dir='ltr'><strong>Constitut.</strong></span> <span class='ocrx_word' id='word_1_268' title='bbox 772 3920 848 3983; x_wconf 89' lang='lat'><strong>1818,</strong></span> <span class='ocrx_word' id='word_1_269' title='bbox 863 3924 889 3970; x_wconf 86' lang='lat' dir='ltr'><strong>T.</strong></span> <span class='ocrx_word' id='word_1_270' title='bbox 907 3923 947 3983; x_wconf 95' lang='grc'><strong>11,</strong></span> <span class='ocrx_word' id='word_1_271' title='bbox 958 3924 972 3990; x_wconf 85' lang='grc'><strong>8</strong></span> <span class='ocrx_word' id='word_1_272' title='bbox 984 3921 1025 3972; x_wconf 87' lang='lat' dir='ltr'><strong>lt.</strong></span> 
     </span>
     <span class='ocr_line' id='line_1_33' title="bbox 248 4011 1183 4080; baseline -0.002 -15"><span class='ocrx_word' id='word_1_273' title='bbox 248 4015 259 4047; x_wconf 78' lang='lat'>⁷</span> <span class='ocrx_word' id='word_1_274' title='bbox 276 4016 334 4066; x_wconf 73' lang='lat' dir='ltr'><strong>aad.</strong></span> <span class='ocrx_word' id='word_1_275' title='bbox 349 4016 367 4063; x_wconf 92' lang='lat'><strong>1.</strong></span> <span class='ocrx_word' id='word_1_276' title='bbox 385 4015 398 4079; x_wconf 88' lang='grc'><strong>8</strong></span> <span class='ocrx_word' id='word_1_277' title='bbox 417 4012 460 4075; x_wconf 88' lang='lat'><strong>22,</strong></span> <span class='ocrx_word' id='word_1_278' title='bbox 471 4014 497 4061; x_wconf 86' lang='lat' dir='ltr'><strong>iu</strong></span> <span class='ocrx_word' id='word_1_279' title='bbox 509 4013 526 4060; x_wconf 89' lang='grc'><strong>1.</strong></span> <span class='ocrx_word' id='word_1_280' title='bbox 547 4013 604 4061; x_wconf 88' lang='lat' dir='ltr'><strong>coll.</strong></span> <span class='ocrx_word' id='word_1_281' title='bbox 621 4014 747 4065; x_wconf 70' lang='lat' dir='ltr'><strong>constitut.</strong></span> <span class='ocrx_word' id='word_1_282' title='bbox 757 4011 833 4076; x_wconf 90' lang='grc'><strong>1818,</strong></span> <span class='ocrx_word' id='word_1_283' title='bbox 844 4017 869 4064; x_wconf 82' lang='grc' dir='ltr'><strong>Τ.</strong></span> <span class='ocrx_word' id='word_1_284' title='bbox 881 4014 920 4073; x_wconf 91' lang='grc'><strong>11,</strong></span> <span class='ocrx_word' id='word_1_285' title='bbox 932 4016 944 4080; x_wconf 89' lang='grc'><strong>8</strong></span> <span class='ocrx_word' id='word_1_286' title='bbox 957 4015 998 4077; x_wconf 86' lang='grc'><strong>11,</strong></span> <span class='ocrx_word' id='word_1_287' title='bbox 1007 4018 1032 4067; x_wconf 89' lang='lat' dir='ltr'><strong>iu</strong></span> <span class='ocrx_word' id='word_1_288' title='bbox 1044 4018 1062 4066; x_wconf 86' lang='lat'><strong>1.</strong></span> <span class='ocrx_word' id='word_1_289' title='bbox 1074 4017 1144 4067; x_wconf 87' lang='lat' dir='ltr'><strong>edict.</strong></span> <span class='ocrx_word' id='word_1_290' title='bbox 1154 4017 1183 4064; x_wconf 93' lang='lat' dir='ltr'><strong>dc</strong></span> 
     </span>
     <span class='ocr_line' id='line_1_34' title="bbox 216 4104 896 4175; baseline 0.001 -19"><span class='ocrx_word' id='word_1_291' title='bbox 216 4124 285 4157; x_wconf 85' lang='lat' dir='ltr'><strong>conr.</strong></span> <span class='ocrx_word' id='word_1_292' title='bbox 297 4108 373 4157; x_wconf 84' lang='lat' dir='ltr'><strong>ordia.</strong></span> <span class='ocrx_word' id='word_1_293' title='bbox 384 4108 410 4156; x_wconf 87' lang='lat' dir='ltr'><strong>T.</strong></span> <span class='ocrx_word' id='word_1_294' title='bbox 423 4109 442 4168; x_wconf 94' lang='lat'><strong>1,</strong></span> <span class='ocrx_word' id='word_1_295' title='bbox 454 4107 467 4173; x_wconf 91' lang='grc'><strong>8</strong></span> <span class='ocrx_word' id='word_1_296' title='bbox 479 4105 522 4167; x_wconf 79' lang='lat' dir='ltr'><strong>tt,</strong></span> <span class='ocrx_word' id='word_1_297' title='bbox 532 4105 618 4156; x_wconf 83' lang='lat' dir='ltr'><strong>decret.</strong></span> <span class='ocrx_word' id='word_1_298' title='bbox 632 4105 644 4155; x_wconf 93' lang='lat'><strong>1</strong></span> <span class='ocrx_word' id='word_1_299' title='bbox 658 4108 713 4157; x_wconf 82' lang='lat' dir='ltr'><strong>Jau.</strong></span> <span class='ocrx_word' id='word_1_300' title='bbox 727 4104 805 4170; x_wconf 88' lang='lat'><strong>1822,</strong></span> <span class='ocrx_word' id='word_1_301' title='bbox 818 4107 896 4175; x_wconf 85' lang='grc'><strong>8111.</strong></span> 
     </span>
    </p>
   </div>
   <div class='ocr_carea' id='block_1_6' title="bbox 0 0 1400 4740">
    <p class='ocr_par' dir='ltr' id='par_1_6' title="bbox 0 0 1400 4740">
     <span class='ocr_line' id='line_1_35' title="bbox 0 0 1400 4740; baseline 0 0"><span class='ocrx_word' id='word_1_302' title='bbox 0 0 1400 4740; x_wconf 95' lang='lat' dir='ltr'><strong> </strong></span> 
     </span>
    </p>
   </div>
  </div>
 </body>
</html>
