2738 4740
129 634 250 719 antiqua
274 631 346 697 inde
371 644 488 707 aelate,
512 635 689 698 eommunia
710 633 851 699 ordinum
875 636 996 701 comitia
1020 657 1092 720 sop-

128 746 276 828 petierant
310 757 340 810 ct
370 746 532 831 componi,
565 767 645 831 quae
675 747 755 811 circa
789 745 883 811 hocce
919 750 1092 813 institutum

128 858 243 942 placitis
275 859 456 946 legibusque
485 859 650 924 admodum
680 861 803 925 dirersis
831 883 902 925 usae
923 863 1044 927 lucrant
1070 863 1093 926 ¹.

127 972 213 1050 Quae
234 993 290 1047 res,
310 972 354 1034 uti
374 972 486 1056 passim
502 971 533 1036 in
548 972 712 1037 Germania
728 973 907 1058 quominus
924 975 1094 1060 quidquam

127 1082 256 1168 amplius
278 1083 420 1147 ordinum
439 1095 583 1170 ageretur
603 1085 783 1148 auctoritate
802 1083 974 1170 prohibuit,
998 1086 1040 1150 sic
1063 1087 1094 1149 in

128 1194 285 1258 nonnullis
304 1195 479 1282 regionibus
497 1195 691 1260 decretorum
706 1195 745 1260 de
763 1196 938 1280 abroganda
953 1197 1096 1260 ordinum

129 1306 344 1371 constitutione
366 1306 553 1371 edendorum
577 1330 665 1372 causa
687 1309 807 1374 exstitit.
833 1310 932 1390 Quale
949 1309 1096 1394 placitum

128 1420 161 1482 in
184 1418 246 1502 ipsa
268 1419 439 1503 legatorum
459 1419 666 1504 imperialium
685 1421 908 1485 consultatione
926 1421 1096 1489 anni1803

125 1533 192 1615 jam
214 1529 486 1615 deprehendimus,
509 1553 572 1617 quo
595 1534 827 1617 pronuntiatur,
850 1535 890 1598 ob
910 1535 1098 1620 discerptum

130 1653 261 1708 tractam
283 1643 546 1709 llonasteriensem
577 1667 638 1709 non
669 1668 732 1710 ease
763 1658 796 1709 nt
823 1647 988 1730 pristinum
1016 1649 1097 1712 ordi·

129 1778 205 1820 num
224 1755 360 1843 regimen
372 1755 475 1842 rigere
489 1757 533 1819 ibi
547 1769 718 1841 perseveret
728 1758 742 1801 ²
754 1757 894 1844 illudque
909 1762 1095 1846 exemplum,

125 1868 191 1950 jam
213 1869 308 1933 allero
328 1890 426 1945 anno,
448 1881 570 1934 secutus
591 1881 633 1935 est
653 1869 796 1957 princeps
819 1873 979 1938 Nassoriae
998 1877 1097 1940 Weil-

128 1982 299 2068 hurgensis,
321 1983 353 2046 in
379 1983 523 2066 subjectis
544 1983 600 2047 sibi
618 1982 894 2069 archiepiscopatus
916 1988 1100 2053 Trevirensis

129 2097 264 2183 reliqniis
290 2096 373 2160 idem
406 2097 518 2180 pariter
547 2098 719 2161 tollendum
744 2099 856 2182 jubens
879 2100 1051 2164 institutum
1075 2102 1099 2166 ³.

129 2210 180 2274 Uti
197 2231 269 2274 aero
289 2208 347 2274 hoc
365 2210 467 2286 modo,
486 2232 525 2274 ne
547 2210 587 2274 ab
607 2209 732 2274 interitu
756 2211 898 2276 ordinum
921 2214 1100 2299 qualiscun-

130 2344 192 2408 que
208 2322 331 2387 tandem
347 2321 526 2387 constitutio
540 2333 719 2400 servaretur,
736 2345 827 2410 grave
845 2323 1098 2410 impedimentum

131 2457 243 2522 urgens
270 2457 373 2499 rerum
406 2437 569 2499 necessitas
594 2435 765 2518 objecerat,
800 2437 842 2500 sic.
867 2438 1005 2502 camdem
1034 2441 1101 2523 ipso

127 2547 199 2631 juro
217 2548 392 2624 evanuisse,
417 2561 500 2613 certe
520 2549 708 2634 principibus
722 2560 757 2612 ut
774 2573 840 2614 eam
864 2553 984 2637 proprio
1004 2566 1101 2617 marta

130 2660 330 2745 abrogarent,
362 2662 452 2746 plano
487 2662 617 2726 liberam
650 2685 713 2726 csse
744 2663 880 2742 lactum,
916 2666 1101 2732 invalescere

133 2772 233 2858 coepit
256 2772 369 2858 opinio,
395 2787 568 2860 postquam,
590 2775 672 2860 pacis
703 2776 937 2863 Presburgensis
966 2778 1101 2854 decreto,

134 2884 243 2948 summi
268 2886 387 2971 imperii
409 2888 587 2953 facultatem
607 2887 695 2951 sociis
711 2889 771 2950 suis
788 2888 985 2953 adserendam
1008 2912 1103 2952 nano·

135 3020 214 3061 anna
240 3001 402 3064 curavisset
427 3001 451 3064 l.
508 3001 595 3082 Quae
627 3022 700 3065 cum
733 3001 817 3065 breri
853 3011 935 3084 post,
967 3000 1103 3066 ineunda

136 3109 400 3176 confoederatione
428 3112 591 3190 erenana,
633 3113 793 3198 insignitor
828 3112 888 3174 illis
926 3112 1105 3178 conlirmata

171 3306 178 3338 ¹
198 3308 485 3371 l.1.sonrmmra‚op.
494 3309 512 3356 l.
523 3309 535 3372 d
545 3306 602 3361 149:
612 3312 715 3368 nauare,
725 3307 780 3355 Oell.
792 3307 819 3355 n.
827 3307 850 3354 rl.
859 3309 885 3355 T.
897 3308 922 3354 B.
933 3307 945 3372 ς
952 3309 964 3372 d
974 3305 1006 3356 49
1016 3317 1038 3355 er
1045 3304 1105 3355 282.

168 3398 303 3449 *Consalt
321 3401 400 3462 Legat.
420 3402 535 3464 lmperial.
554 3399 588 3449 25
604 3401 671 3448 Febr.
693 3398 768 3460 1803,
779 3399 833 3465 §dt
852 3406 916 3448 »lar
927 3400 1107 3463 dergetrollnen

136 3493 288 3557 lerthoilang
309 3494 368 3556 lolgt
392 3497 535 3542 cancellat
555 3491 609 3540 dara
627 3493 666 3540 die
683 3492 799 3555 laislaerige
817 3491 949 3539 rt‘iadirolaa
967 3493 1107 3556 lerlarsung

135 3586 202 3635 nicht
218 3586 285 3635 mehr
302 3596 359 3635 statt
376 3586 455 3634 finden
473 3587 567 3633 lsrrnn.”

169 3678 224 3729 ll.
250 3693 378 3739 osannam,
403 3678 572 3738 Strrtrrrclair,
590 3678 630 3726 N0.
650 3677 694 3738 50,
714 3696 737 3743 p.
758 3675 959 3739 183;w1mon‚
978 3677 1002 3724 d.
1021 3677 1107 3727 aleia.
1185 3681 1187 3686 '

136 3773 213 3823 Bond.
232 3775 272 3822 ll⁰.
291 3772 317 3835 l,
335 3793 358 3840 p.
379 3771 435 3821 135.
465 3773 498 3819 lle
509 3770 689 3834 ll'estphnliensi
706 3771 793 3818 ducatu
812 3770 934 3819 ordinibar
951 3771 1000 3819 sair
1018 3772 1108 3835 privato

137 3868 163 3915 l.
181 3881 200 3914 t.
221 3879 241 3914 r.
260 3878 354 3925 noant,
382 3865 455 3912 llebcr
474 3864 512 3911 die
536 3863 665 3926 Erhaltung
689 3863 730 3910 der
754 3864 843 3911 offentl.
864 3864 1003 3928 Verlasrung
1027 3868 1052 3914 in
1070 3867 1109 3914 dic

137 3958 435 4022 lintach'r'digangslrnden,
449 3957 510 4005 nach
523 3957 546 4004 d.
562 3957 798 4019 lleiclrsdepntutioar
808 3958 979 4019 llraptschlurr
996 3977 1020 4008 v.
1033 3958 1109 4022 1803,

138 4057 180 4103 orit
197 4054 351 4115 lowendung
369 4053 411 4099 rul
426 4053 449 4099 d.
469 4051 625 4114 llerrogthnar
646 4051 805 4114 Wartphalen‚
824 4054 886 4099 tl'ott.
906 4048 982 4099 1805.

173 4146 183 4177 ⁸
202 4148 327 4207 Eroaaomr,
346 4147 359 4211 p
377 4145 437 4207 troo,
454 4165 476 4209 p.
488 4144 538 4193 683
548 4156 571 4194 rt
583 4155 632 4194 not.
643 4163 669 4202 r;
690 4152 783 4195 nausea
793 4155 815 4195 et
826 4157 1032 4206 sacramencum,
1042 4146 1068 4193 ll.
1081 4145 1108 4193 ll.
