2738 4740
749 447 845 535 so¹

280 625 337 691 diis
365 625 459 710 ipsius
484 624 730 703 adversarentur,
758 625 816 692 liae
847 649 897 691 eos
924 624 1050 689 omnino
1074 624 1254 692 destitueret

277 742 425 808 facultate
445 753 625 829 ereptasque
645 742 704 806 illis
728 742 899 828 provincias
921 740 1057 806 obnoxiis
1076 741 1133 806 sibi
1152 742 1252 806 natio·

278 856 370 921 nibus
400 855 623 942 impertiendo,
651 866 705 920 aut
734 855 843 932 etiam,
873 865 964 940 prout
991 854 1112 919 animus
1137 854 1252 934 terret,

277 989 369 1032 noras
393 967 475 1045 inde,
500 967 614 1055 quibus
640 990 712 1032 eum
737 967 832 1054 regali
856 965 996 1032 ducalire
1017 966 1106 1031 titulo
1124 977 1253 1054 agnatos

276 1081 493 1167 proximosque
521 1103 591 1146 suos
619 1079 809 1166 praeficeret,
829 1078 991 1145 conflando
1010 1079 1157 1156 civitates,
1178 1102 1252 1145 errae

275 1193 341 1278 ipse
367 1193 535 1259 firmandae
560 1191 855 1278 amplificandaeque
875 1193 1015 1279 potestati
1039 1191 1252 1258 efficacissime

276 1309 461 1373 consuleret.
513 1308 614 1389 Quam
645 1318 750 1372 autem
776 1306 894 1372 afflictis
921 1306 1011 1371 rebus
1041 1327 1077 1370 eo
1110 1317 1251 1391 tempore

275 1419 331 1506 ipsi
357 1420 477 1484 Borussi
497 1431 667 1495 uterentur,
688 1420 755 1503 jam
779 1430 850 1483 ante
878 1417 1058 1484 dissolutum
1079 1418 1248 1503 Imperium

274 1533 345 1598 luce
363 1534 475 1599 elarius
489 1543 679 1618 apparuerat,
698 1553 806 1618 quum,
822 1532 895 1597 licet
912 1532 1029 1596 bellum
1046 1533 1248 1596 instauratum

274 1645 402 1709 minime
428 1644 554 1721 luisset,
582 1642 786 1730 quarumdam
819 1644 933 1707 itemm
958 1654 1109 1708 terrarum
1139 1643 1248 1708 cessio·

272 1777 345 1820 nem
363 1755 399 1818 iis
419 1777 583 1820 aaronem«
602 1756 771 1821 extorsisset
781 1757 804 1832 ¹,
823 1755 868 1820 sic
888 1766 990 1820 autem
1006 1755 1171 1820 insolenter
1186 1777 1248 1840 po-

273 1878 388 1932 tentem
410 1890 511 1953 nuper
532 1890 637 1956 regem
659 1869 858 1947 tractavisset,
880 1880 929 1946 ut,
950 1880 1111 1955 postquam
1133 1891 1245 1955 agrum

270 1981 505 2046 llanoscranum
536 1980 670 2046 exercitu
701 2003 853 2066 occupare
875 2003 946 2047 eum
972 1982 1129 2069 coegisset,
1161 2003 1245 2068 qua-

271 2115 413 2158 rumnam
439 2094 599 2182 regionum
627 2095 709 2160 eires
729 2094 907 2160 Berussieae
933 2082 1029 2158 iuluri
1051 2094 1173 2159 ditionis
1193 2117 1243 2159 es·

270 2218 356 2282 sent,
383 2207 422 2272 de
453 2229 489 2272 eo
522 2217 654 2272 statuere
682 2205 720 2270 ad
754 2228 860 2292 pacem
896 2227 995 2292 usqne
1030 2229 1101 2271 cum
1135 2208 1245 2292 buglis

270 2319 435 2383 ineundam
453 2319 617 2384 distulisset
637 2319 665 2383 ².
706 2320 808 2404 Atque
829 2317 881 2382 illa
907 2319 1149 2404 opportunitate,
1173 2320 1243 2384 loco

269 2442 412 2515 acceptae
428 2454 462 2494 ex
477 2431 588 2516 praeda
599 2430 801 2516 Anspachiae,
811 2432 998 2496 Montanensi
1015 2432 1130 2497 ducatu
1144 2455 1243 2497 cesse·

271 2541 468 2619 runtBarari,
485 2565 578 2628 quem
597 2543 709 2608 deinde
726 2566 797 2610 cum
807 2545 937 2609 Glireusi
949 2545 1072 2631 regione
1089 2546 1240 2629 conjunc-

269 2663 336 2718 tum
355 2655 543 2740 principatus
561 2655 690 2722 induere
711 2658 805 2722 sonna
824 2659 956 2745 placuit,
982 2680 1045 2745 quo
1065 2680 1241 2724 roscuruus

269 2788 427 2849 uuaarus,
453 2769 561 2833 sororis
582 2768 954 2847 mariturusronaorr1s‚
975 2770 1159 2856 potiretur³.
1199 2775 1241 2834 As

268 2882 371 2967 paullo
392 2891 477 2967 post,
499 2903 597 2968 quum
617 2882 735 2947 bellum
762 2895 867 2949 contra
892 2885 1025 2949 Francos
1044 2883 1156 2947 esitare
1173 2905 1239 2948 am·

267 2994 347 3078 plius
366 3017 427 3060 non
444 2982 612 3081 potuissent
625 2996 757 3070 borussi,
775 3007 837 3061 tarn
852 2996 994 3061 adversae
1009 2996 1055 3059 illi
1073 2995 1239 3061 conflictati

267 3107 407 3173 fortunae
434 3120 521 3187 sunt,
548 3120 600 3188 ut,
627 3132 739 3198 magua
767 3131 913 3198 agrorum
935 3132 1061 3176 suorum
1090 3121 1176 3195 parte
1198 3110 1239 3174 ab

261 3274 462 3288 ...·--—-—-—-

302 3377 309 3408 ¹
328 3380 527 3430 conventionibus
543 3398 595 3430 eum
613 3382 736 3431 llorussiae
754 3399 818 3446 rege,
834 3383 859 3430 d.
877 3381 909 3432 15
929 3385 984 3433 Dec.
1003 3380 1071 3430 1805
1087 3391 1111 3429 et
1131 3380 1163 3430 15
1181 3381 1236 3430 Feb.

269 3466 343 3519 1806.
367 3486 479 3534 narrans,
508 3491 547 3537 op.
579 3475 596 3523 l.
627 3473 687 3538 ibid,
714 3492 737 3536 p.
763 3472 825 3537 237,
850 3492 903 3536 sqq.
948 3475 1020 3524 Polit.
1046 3475 1131 3523 Journ.
1158 3472 1236 3533 1806,

267 3578 290 3622 p.
301 3559 361 3623 225,
378 3583 430 3627 sqq.
448 3564 508 3628 282,
525 3564 586 3629 289,
603 3564 663 3629 329,
682 3565 742 3628 340,
759 3563 819 3629 342,
838 3565 897 3628 383,
916 3566 976 3629 437,
994 3564 1154 3623 sossius&
1173 3579 1235 3615 totta

268 3661 292 3698 et
309 3666 419 3718 moses,
435 3659 496 3706 ttist.
514 3660 618 3723 lbrtgte
634 3660 675 3708 des
691 3659 790 3720 Trsites,
808 3659 836 3707 t.
854 3660 918 3720 rur,
936 3677 959 3722 p.
980 3658 1021 3721 14,
1039 3658 1082 3722 31,
1100 3658 1143 3707 62.

305 3742 454 3810 ’Ercuuom
472 3753 484 3815 [r
501 3749 562 3812 608,
578 3769 601 3813 p.
620 3749 682 3811 675,
699 3767 736 3812 sq.
753 3760 776 3798 rt
793 3760 843 3798 sot.
861 3749 885 3797 d.

302 3835 454 3904 wisnona,
473 3844 487 3910 §
503 3842 564 3905 608,
580 3863 604 3908 p.
621 3843 691 3901 676;
708 3857 827 3903 mesre,
851 3862 891 3906 op.
912 3844 931 3893 l.
955 3844 1020 3905 ibid,
1048 3863 1071 3907 p.
1089 3842 1156 3905 239,
1174 3841 1234 3892 246.

268 3928 302 3975 De
318 3940 409 3977 austro
426 3935 475 3996 sgri
484 3936 601 3984 llomssiei
615 3937 707 3999 aliquot
722 3937 849 3999 particulas
859 3936 987 4003 (Essensm,
997 3937 1113 3997 litteram,
1127 3935 1235 4002 Verdsm)

268 4018 314 4066 sibi
331 4019 465 4072 riodiesnte
480 4027 595 4077 ridendus
612 4037 648 4077 est
663 4041 749 4089 lanso,
767 4028 906 4077 (leselriobts
922 4028 964 4076 des
980 4027 1145 4076 Proussiseben
1157 4029 1236 4077 Stssts

268 4110 313 4160 seis
330 4110 381 4159 dem
399 4115 496 4166 Friedsu
513 4136 559 4169 roa
576 4121 737 4184 Hubertsbnrg
754 4119 814 4187 (rot.
833 4120 909 4188 1819)
927 4123 953 4168 t.
971 4123 1003 4183 ll,
1021 4139 1043 4183 p.
1063 4120 1121 4170 113.
