2738 4740
754 430 773 490 o

278 611 491 695 perferendum
520 610 672 695 suscipere
703 631 797 695 quam
826 611 899 673 olim
930 611 1052 695 explere
1076 612 1262 676 voluissent„

278 726 365 804 Quae
382 744 481 808 quum
497 722 538 786 ita
557 744 619 785 sese
638 720 802 799 baberent,
825 721 863 786 ad
882 722 1059 786 interiorem
1078 725 1255 789 societatem

277 835 518 912 conciliandam,
542 836 695 899 universos
717 836 839 900 ordines
861 836 923 920 ipsa
951 858 1054 900 rerum
1075 838 1254 916 necessitas,

277 949 405 1014 naturali
425 948 559 1035 quodam
580 949 726 1033 impulsu,
751 949 932 1034 permovisse
945 949 1095 1014 censenda
1111 961 1171 1031 est,
1195 973 1256 1016 nee

276 1064 332 1127 uisi
358 1085 440 1149 quae
465 1062 651 1126 extrinsecus
673 1083 723 1125 eos
743 1074 847 1147 ageret
869 1083 975 1134 causa,
1004 1063 1174 1126 etiamnum
1194 1062 1254 1128 de—

276 1177 380 1242 fuisse:
411 1175 487 1240 haec
509 1197 597 1251 rere,
619 1174 671 1239 ubi
694 1174 817 1238 tandem
842 1175 1015 1251 exstitisset,
1040 1197 1106 1239 eam
1128 1175 1254 1240 dirersis

277 1290 451 1355 nationibus
480 1287 637 1354 babuissse
665 1286 890 1364 diversitatem,
926 1298 960 1350 ut
988 1298 1121 1373 nequeat
1147 1288 1256 1373 primis

276 1405 351 1483 illis,
379 1426 460 1490 quae
480 1402 552 1466 inde
573 1400 763 1475 effluxerint,
790 1400 934 1464 ordinum
955 1401 1254 1483 consociationibus,

277 1538 443 1583 commune
462 1513 587 1600 aliquod
614 1513 779 1577 eonsilium
806 1514 1040 1599 communisque
1064 1514 1105 1577 ris
1134 1525 1164 1578 et
1183 1515 1255 1579 effi-

279 1633 390 1696 cacitas
410 1625 544 1692 adtribui
562 1625 590 1688 1:
614 1626 671 1688 nisi
691 1624 750 1689 boe
768 1626 927 1710 proprium
939 1627 1083 1691 omnibus
1095 1625 1254 1703 habeatur,

277 1741 360 1828 quod
388 1763 425 1804 ex
452 1738 534 1803 bisce
558 1739 642 1803 velut
670 1738 826 1823 principiis
850 1740 935 1824 plura
962 1740 1105 1825 deinceps
1127 1741 1257 1826 amplio-

278 1875 373 1940 reque
393 1852 647 1936 conjunctionum
669 1851 794 1916 istarum
812 1854 882 1933 jura
907 1863 1011 1917 exorta
1040 1854 1100 1917 sint
1127 1855 1255 1918 laetissi-

277 1989 390 2054 meque
418 1964 616 2030 effloruerint.
660 1966 770 2051 Neque
804 1963 855 2031 bic
888 1966 1084 2050 objecturum
1117 1968 1254 2054 aliquem

276 2079 475 2156 confidimus,
495 2079 723 2166 antiquissimae
742 2079 815 2143 illae
836 2079 1011 2156 societates,
1032 2082 1165 2144 multum
1183 2103 1257 2145 sane

274 2194 389 2271 abesse,
410 2203 445 2256 ut
463 2192 621 2256 universae
640 2191 880 2276 permanserint,
904 2213 1011 2254 rerum
1028 2214 1136 2276 saepe,
1160 2194 1254 2256 oausd

276 2329 358 2392 quae
376 2317 477 2370 ortum
494 2305 530 2368 iis
549 2304 736 2390 praebuisset
762 2302 896 2380 sublatis,
920 2305 999 2389 ipsas
1018 2327 1144 2391 quoque
1160 2306 1256 2369 inter-

279 2418 395 2485 cidisse.
435 2417 611 2482 Absurdum
643 2418 725 2481 enim
758 2418 835 2481 soret
872 2427 1019 2494 statuere,
1054 2440 1136 2504 quae
1166 2417 1256 2482 initio

277 2531 397 2596 nonnisi
418 2531 450 2594 iu
471 2541 590 2616 tempus
608 2529 780 2595 efformatae
801 2529 949 2623 luissent,
974 2531 1026 2595 bas
1043 2531 1114 2596 ideo
1132 2532 1255 2617 penitus

278 2643 429 2730 exstingui
459 2642 615 2707 debuisse:
648 2664 791 2729 quaeque
812 2642 879 2707 lieri
900 2665 962 2708 non
991 2657 1105 2729 posset,
1133 2656 1168 2709 ut
1192 2645 1254 2710 rim

278 2780 363 2824 suam
385 2758 533 2823 continuo
552 2767 738 2833 exsererent,
760 2758 843 2821 omni
858 2756 1138 2837 debincefficacid,
1162 2781 1255 2823 omne

278 2876 311 2938 in
332 2893 456 2953 aerum,
483 2871 803 2937 necessariocaruisse.
827 2873 937 2958 Saepe,
955 2874 1087 2951 scilieet,
1110 2873 1256 2940 accidisse

279 2988 436 3062 norimus,
453 2995 488 3049 ut
508 3005 607 3071 quum
627 2986 672 3050 sic
693 2996 770 3049 esset
788 2985 865 3049 inita
885 2986 1075 3068 conjunctio,
1087 2997 1122 3050 ut
1131 3009 1255 3072 perrec-

281 3112 347 3165 tura
366 3099 446 3164 baud
465 3099 542 3162 ultra
559 3108 677 3162 certum
698 3107 819 3181 tempus
839 3096 1004 3174 rideretur,
1025 3109 1140 3181 postea,
1163 3099 1255 3163 tacito

281 3212 415 3298 quodam
443 3211 586 3285 adsensu,
620 3211 847 3297 perennitatem
880 3209 1113 3295 adipisceretur:
1152 3234 1256 3299 neque

282 3347 354 3391 sane
384 3335 428 3388 est
457 3334 491 3387 ut
519 3324 687 3398 miremur,
720 3322 776 3409 qui
804 3321 953 3406 ejusmodi
981 3335 1106 3407 propter
1132 3325 1255 3409 negotia

281 3440 456 3504 societatem
489 3437 724 3511 contraxissent,
758 3435 872 3521 quibus
900 3457 992 3499 curae
1022 3435 1253 3522 industriaeque

281 3551 431 3635 impensio
456 3547 583 3612 minime
606 3557 751 3632 perpetua
776 3546 826 3611 sed
860 3546 989 3611 subinde
1015 3557 1135 3613 tantum
1166 3571 1256 3615 reno·

282 3673 347 3727 rata
367 3660 580 3746 postularetur,
612 3680 662 3722 cos
691 3657 771 3723 baud
791 3661 911 3744 saepius
930 3681 1024 3745 quam
1049 3664 1257 3728 communiter

284 3776 394 3863 agendi
413 3774 524 3837 rediret
543 3774 772 3859 opportunitas,
794 3794 900 3837 eorum
925 3795 1005 3860 quae
1023 3775 1061 3839 ad
1081 3772 1256 3841 institutum

282 3892 369 3978 quasi
389 3899 514 3975 paetum
535 3887 741 3972 pertinerent,
764 3889 937 3951 tractationi
961 3888 1138 3955 incubuisse
1159 3889 1183 3952 ².

302 4008 482 4021 μή

282 4014 299 4020 ·
319 4051 328 4089 ¹
349 4054 479 4110 Ειοιιιιοιιι,
498 4050 514 4097 l.
529 4050 546 4098 l.
566 4051 590 4096 l.
608 4049 660 4105 llt,
680 4050 692 4114 p
710 4048 770 4108 ⁴23,
787 4049 898 4112 imprimi·
916 4055 970 4096 nott
988 4066 1009 4096 o.

318 4144 331 4182 ²
348 4148 472 4209 Ererrroarr,
489 4144 505 4191 1.
523 4145 540 4191 1.
557 4143 614 4191 ibid.
