2738 4740
613 432 631 493 7

184 614 236 677 Sin
258 625 362 678 autem
383 615 532 680 rationem
558 625 747 699 spectamus,
769 616 831 699 qud
850 613 945 679 initae
964 613 1036 678 illac
1059 634 1110 676 so-

141 727 263 792 cietates
274 727 485 804 confirmatae,
505 728 606 812 iisque
627 736 710 791 certa
726 725 798 809 jure
814 725 990 813 agendique
1009 737 1111 792 certae

139 860 264 903 normae
295 850 323 903 ct
345 838 581 905 consuetudines
614 849 735 902 exortae
761 838 905 916 fuerunt,
927 841 960 906 in
981 839 1110 904 eandem

138 951 307 1014 necessario
329 952 502 1014 varietatem
526 948 701 1015 incidimus.
725 949 928 1036 Quapropter,
947 974 1045 1038 quum
1060 973 1111 1014 or·

137 1061 246 1126 diuum
276 1063 486 1138 comitiorum,
511 1061 644 1146 antiquis
671 1061 707 1124 iis
733 1063 920 1147 temporibus
952 1077 1111 1149 usurpato·

139 1196 225 1255 rum,
247 1173 396 1257 ejusmodi
424 1174 489 1237 deri
510 1184 643 1258 nequeat
663 1173 844 1259 descriptio,
868 1195 948 1260 quae
972 1176 1112 1241 omnibus

138 1307 296 1373 peraeque
317 1287 354 1351 sit
372 1284 617 1361 accommodata,
641 1306 744 1372 neque
764 1287 812 1350 vel
832 1287 876 1351 sic
896 1286 954 1351 rite
973 1286 1030 1351 sibi
1055 1285 1112 1354 bac

139 1400 172 1463 in
200 1420 232 1461 re
254 1397 423 1464 satisfacere
447 1397 516 1483 quis
540 1399 645 1482 possit,
668 1397 709 1474 si,
731 1419 811 1484 quac
825 1410 859 1462 ut
873 1397 1041 1483 plurimum
1058 1385 1112 1465 ob

139 1508 306 1585 tinuerint‚
327 1508 490 1594 diiigenter
510 1519 636 1573 conatus
656 1510 749 1573 suerit
772 1530 941 1593 exponere,
958 1520 1113 1597 quotquot

141 1631 335 1697 accuratam,
361 1631 513 1709 quantum
533 1621 599 1686 fieri
624 1622 732 1696 liceat,
753 1622 881 1687 istorum
904 1634 1112 1691 conventuum

139 1733 196 1796 sibi
217 1755 393 1819 comparare
411 1734 536 1820 cupiant
554 1735 712 1812 notitiam,
735 1734 782 1800 bis
801 1737 992 1823 singularum
1012 1739 1111 1825 regio·

139 1868 214 1910 num
239 1846 414 1934 singulatim
441 1847 581 1913 adeunda
605 1858 649 1911 cst
670 1847 811 1926 historia,
832 1872 923 1935 saepe
944 1852 994 1914 itta
1012 1852 1110 1936 impe·

137 1958 199 2023 dita
221 1970 346 2045 propter
372 1961 617 2025 testimoniorum
642 1963 705 2026 sive
734 1963 888 2028 deiectum
910 1964 971 2028 sire
1000 1964 1109 2029 obscu-

138 2071 257 2136 ritatem
277 2074 298 2138 ¹.
336 2073 455 2141 Verum
469 2075 551 2138 enim
570 2096 660 2151 vero,
680 2076 755 2139 iliud
777 2097 943 2140 commune
964 2077 1110 2141 universis

136 2185 172 2248 iis
186 2186 456 2271 conjunctionibus
474 2186 566 2251 fuisse
587 2185 822 2251 existimandum
838 2187 995 2272 estquod,
1012 2209 1109 2275 quum

136 2298 359 2384 acquisitorum
387 2299 426 2363 ab
455 2297 614 2362 ordinibus
638 2299 757 2383 jurium
786 2299 1038 2364 vindicandorum
1072 2301 1105 2364 in

137 2411 279 2474 omnibns
293 2421 472 2476 cerneretur
487 2410 657 2489 eonsilium,
670 2409 779 2477 borum
799 2435 871 2478 sane
884 2413 1003 2498 jurium
1023 2435 1112 2499 prae·

137 2523 264 2607 cipuum
275 2524 478 2610 omniumque
495 2523 645 2587 acerrime
665 2525 850 2610 expetitum,
865 2527 897 2590 in
914 2547 976 2612 qno
994 2527 1112 2591 scilicet

138 2634 253 2699 tuendo
273 2635 504 2722 excolendoque
522 2639 622 2702 omnis
639 2659 734 2723 prope
749 2637 877 2724 hujusce
887 2640 1020 2704 instituti
1034 2640 1111 2705 ratio

137 2769 174 2813 ac
185 2751 356 2834 progressio
367 2761 509 2815 contenta
520 2752 630 2827 fuerit,
647 2751 901 2818 immunitatema
916 2755 1037 2819 tributis
1047 2756 1111 2820 exi·

139 2860 245 2945 gendis
254 2873 403 2946 spectasse
413 2864 571 2939 norimus,
583 2886 623 2928 oe
634 2875 756 2948 possent
767 2864 886 2930 ordines
907 2866 977 2930 uilis
992 2868 1112 2953 gravari

140 2973 283 3038 oneribus
306 2987 427 3059 praeter
439 2998 494 3053 ea,
515 2977 628 3063 quibus
647 3000 683 3042 ex
700 2978 773 3062 ipsis
783 2977 862 3060 juris
884 2978 1001 3061 publici
1023 2978 1112 3062 prin·

140 3083 227 3168 cipiis
244 3086 379 3153 obstricti
394 3089 562 3154 necessario
577 3088 796 3154 haberentur2.
819 3088 914 3172 Cujus
929 3091 1026 3177 igitur
1033 3090 1112 3176 juris

139 3197 330 3265 custodiendi
348 3202 455 3287 gratie,
482 3223 545 3267 non
568 3212 685 3266 tantum
716 3201 877 3287 plerasque
906 3225 1011 3267 earum
1037 3224 1111 3270 con·

134 3312 333 3398 junctionum
350 3314 535 3393 efformatus,
558 3336 662 3378 verum
683 3315 765 3378 illius
782 3335 908 3402 quoque
933 3317 1113 3383 efficacitate

138 3425 179 3490 ab
197 3426 324 3491 interitu
335 3428 546 3494 vindicatasac
564 3427 649 3493 brevi
666 3439 822 3513 tempore,
835 3429 965 3494 mirifice
981 3431 1111 3515 amplifi-

138 3538 331 3619 subrisisse,
343 3553 462 3607 certum
474 3553 529 3607 est.
547 3541 680 3619 Etenim,
690 3561 801 3628 quum,
812 3541 936 3626 privatis
947 3541 1113 3608 inimicitiis

173 3842 183 3880 ¹
202 3845 331 3905 Ermum,
348 3846 366 3895 1.
384 3845 402 3894 l.
422 3844 480 3892 ibid.
498 3843 534 3894 Cf.
550 3847 659 3904 tuden,
677 3841 785 3891 dedentl.
805 3842 834 3890 tt.
855 3841 878 3889 d.
897 3844 923 3891 T.
942 3845 969 3891 tt.
987 3845 1001 3910 ᾗ
1020 3842 1079 3894 281.

172 3933 186 3970 2
202 3937 330 3999 tirenum,
347 3938 365 3984 l.
375 3939 394 3985 1.
404 3939 429 3987 t.
438 3938 484 4000 lll,
493 3938 508 4004 q
515 3934 576 3999 stt,
585 3945 635 3984 not.
645 3952 659 3983 a
670 3944 693 3984 et
707 3950 750 3991 aar
761 3940 898 3998 atamen,
906 3937 949 3985 tt.
961 3938 985 3986 P.
997 3938 1030 3998 tt,
1038 3939 1064 3987 C.
1072 3938 1111 4000 u,

137 4048 160 4092 p.
181 4027 247 4094 651,
273 4047 324 4094 sqq.
350 4030 384 4079 di.
408 4045 432 4081 tt.
454 4045 477 4080 r.
495 4043 638 4091 untur,
664 4027 838 4093 tartsststisg
863 4047 918 4079 over
942 4031 971 4078 de
988 4031 1112 4094 Grsadijke

139 4123 217 4171 Beden
232 4126 257 4172 in
276 4125 395 4183 bolland,
414 4127 512 4187 possim,
530 4126 597 4187 ipr.
612 4142 627 4186 p
651 4120 695 4184 89,
717 4138 770 4185 sqq.
