2738 4740
597 432 662 495 2³8

144 612 377 701 sexagenariam
387 616 423 696 3)
434 635 482 678 res
493 614 666 687 familiares.
682 613 788 683 officia
801 621 961 704 gerenda
974 624 1063 703 talia,
1074 645 1145 712 quae

143 725 320 792 continuam
334 726 546 812 praesentium,
564 736 630 791 tuns
651 748 669 791 e
685 728 881 798 testimonio
897 734 1026 819 judicis
1039 737 1144 825 mage

143 852 291 918 trstnsre,
304 853 369 907 tum
384 840 450 907 aliis
464 841 536 906 satis
550 841 640 907 certis
658 838 795 921 indiciis,
813 867 940 916 revera
956 852 1115 937 postulent
1123 851 1142 914 ¹.

140 953 187 1018 lle
202 954 314 1040 quibus
333 952 496 1019 excusandi
519 953 633 1032 musis,
656 975 695 1019 an
712 953 791 1039 juro
810 956 885 1025 sint
900 962 1035 1043 allatae,
1058 962 1141 1051 priori

143 1079 275 1153 utroque
292 1067 326 1132 in
341 1088 423 1145 casu,
438 1066 464 1130 si
478 1077 550 1132 ente
565 1086 740 1153 congressos
759 1066 929 1138 ordinum
946 1086 1063 1142 coetus
1079 1096 1140 1164 prr

141 1182 256 1267 positae
275 1180 408 1257 luerint,
431 1177 543 1244 decisio
563 1189 607 1242 est
623 1199 716 1264 penes
732 1181 977 1271 magistratu„
1005 1190 1063 1255 ulsi
1079 1210 1140 1255 reto

140 1293 233 1377 ipsius
247 1291 342 1357 hahiti
358 1302 524 1356 conventus
536 1301 684 1377 tempore,
698 1301 752 1357 aut
765 1312 1000 1387 quocumque
1011 1312 1140 1389 tempere

141 1404 265 1469 sitertia
287 1406 363 1468 ratio
376 1405 539 1492 allegetur,
558 1415 663 1469 coetus
678 1404 741 1483 ille,
761 1407 862 1491 cujus
886 1411 917 1475 is
939 1414 1071 1502 legatus
1090 1426 1139 1496 et,

139 1516 323 1583 decernendi
338 1518 411 1602 jure
430 1517 541 1599 utitur;
559 1519 614 1603 qui
629 1519 654 1583 si
669 1520 914 1589 excusationem
934 1525 1028 1594 hund
1043 1530 1137 1618 legit'r

140 1652 221 1696 mam
237 1632 396 1708 emtimet,
415 1631 548 1696 electum
565 1631 740 1696 solemniter
754 1632 924 1703 advocare
937 1641 1090 1725 jubetur,
1104 1664 1137 1708 ao

140 1744 186 1807 rel
214 1744 254 1807 ita
284 1754 530 1828 perseverantem
558 1743 713 1810 electionis
738 1743 935 1831 incapacem
966 1753 1136 1821 declarare.

138 1855 197 1921 Ubi
217 1854 312 1919 habiti
334 1866 500 1920 conventus
525 1867 662 1942 tempore
679 1857 772 1942 legati
788 1857 937 1945 alicujus
963 1866 1057 1933 locus
1084 1890 1133 1932 ra·

137 1990 208 2033 care
237 1968 390 2053 coeperit,
419 1965 539 2033 admitti
562 1968 595 2032 in
619 1977 741 2034 οοοωω
761 1967 856 2035 debet
885 1975 1054 2063 vicarine3
1088 1979 1131 2043 sin

137 2102 208 2145 vero
221 2090 321 2157 antee,
335 2079 446 2145 idoneo
459 2081 556 2165 spatio
576 2090 765 2167 suppetente,
781 2081 989 2153 instauratur
1006 2091 1128 2157 electio:

136 2193 217 2259 haud
239 2203 437 2279 suppetente,
456 2192 495 2258 ad
515 2193 660 2259 vicarium
680 2193 881 2281 confugiatur
902 2198 930 2266 ².

179 2306 368 2391 Magistratus
377 2304 533 2391 aulicique
547 2303 684 2369 homines
702 2304 908 2389 stipendiarii,
930 2314 1063 2394 milites,
1075 2315 1124 2380 de·

136 2417 231 2503 nique
245 2416 406 2501 pontificii,
423 2417 600 2485 facultatem
618 2417 763 2483 habentes
782 2419 923 2507 eligendi
941 2428 1124 2495 electionis-

135 2550 198 2616 que
220 2549 363 2615 capaces,
387 2531 517 2616 negotiis
538 2530 577 2595 ad
602 2516 784 2597 electionem
809 2536 1048 2618 pertinentibus
1077 2543 1123 2608 rel

135 2641 252 2728 absque
271 2642 431 2728 impetrata
451 2643 530 2730 regis
552 2643 639 2709 renirl
662 2665 786 2730 operam
804 2644 882 2712 dare
897 2665 1045 2735 possunt
1081 2657 1122 2721 Ea

136 2776 206 2819 roro
220 2753 359 2842 indigent
374 2752 413 2819 ad
427 2754 610 2843 legationem
629 2766 725 2821 ratam
739 2753 924 2843 habendam;
938 2784 1025 2849 qnne
1039 2768 1120 2854 regis

134 2867 546 2955 renia‚ahrquegravioribus
556 2868 654 2934 censis
665 2890 702 2933 ex
713 2870 776 2953 ipsa
788 2873 927 2935 muneris
936 2879 1052 2943 naturai
1063 2901 1118 2964 pe·

134 2980 196 3043 titis
208 2980 430 3068 ordinibusque
446 2981 718 3060 communicandis,
733 2983 879 3071 abnegari
899 3007 965 3054 non
984 2989 1081 3057 debet
1092 2991 1117 3057 ³.

174 3092 311 3170 Ministri,
320 3092 484 3159 hooofficio
493 3116 548 3159 suo
555 3092 636 3159 huud
644 3096 746 3161 minus
756 3118 893 3182 requam
904 3101 1117 3170 nominelnn·

134 3185 254 3291 gentes,
264 3207 356 3292 legati
367 3207 461 3271 creari
475 3207 666 3292 nequeunt&
682 3208 744 3290 Qui
754 3209 787 3273 in
802 3209 943 3293 pluribus
952 3215 1117 3295 classibus,

16 3344 18 3348 ¹
133 3328 186 3382 ant
201 3317 235 3382 in
247 3328 373 3389 ,coetum
389 3317 482 3383 simul
499 3329 680 3405 utrumque,
694 3328 748 3384 aut
767 3318 801 3384 in
824 3321 968 3405 pluribus
985 3327 1115 3396 distric.

133 3431 215 3496 tibus
234 3432 291 3496 rite
308 3432 425 3517 legetns
437 3431 531 3497 luerit
543 3431 669 3510 electus,
685 3432 765 3497 intra
780 3443 840 3498 tres
853 3432 918 3499 dies
933 3451 1006 3523 post
1024 3464 1112 3508 oom-

132 3555 251 3632 pertem
266 3544 506 3610 nominationem
521 3544 559 3609 ad
572 3544 710 3611 notitiam
724 3545 846 3632 imperii
860 3550 996 3633 perferri
1012 3568 1111 3634 curet,

133 3679 298 3746 quamnam
308 3657 418 3723 harum
428 3658 613 3724 electionum
622 3657 655 3723 in
665 3679 698 3722 se
706 3657 858 3744 suscipere
869 3660 953 3728 velit
976 3664 1110 3746 Quodsi

132 3773 232 3839 lacere
242 3770 419 3858 neglexerit,
428 3769 552 3836 arbitrio
558 3769 778 3855 imperantium
788 3769 869 3836 eade
880 3779 1110 3844 resumetur&

176 3889 218 3952 Ea
235 3896 353 3951 tentum
369 3885 457 3951 lundi
470 3883 622 3970 possessio,
641 3904 720 3970 quae
738 3906 794 3970 per
808 3895 867 3950 tres
883 3883 921 3951 ad
935 3888 1109 3957 minimum

169 4037 177 4068 ¹
195 4036 256 4086 nra.
273 4036 287 4102 u
304 4032 346 4098 ιε,
363 4035 381 4082 ι.
399 4051 423 4098 ι,
439 4033 465 4095 s,
483 4050 504 4082 ο.
656 4026 741 4082 'thid
759 4035 772 4099 s
789 4032 830 4083 18.

169 4128 256 4178 trusa.
273 4130 286 4194 u
304 4125 344 4175 19.
657 4126 744 4175 stara.
764 4123 825 4194 ono.
929 4127 1017 4182 *irus
1035 4131 1106 4199 §²¹-
