2738 4740
535 396 539 405 ”
655 435 713 498 aar

248 610 429 697 legatorum
443 612 611 701 designatio
627 617 784 702 peragitur
802 617 835 679 iu
855 618 1046 703 equestribus
1066 620 1175 685 circu·

205 722 302 787 lorum
323 724 523 790 conventibus
534 748 543 807 3
563 727 645 813 quod
661 728 816 794 busaciam
833 730 1027 816 Superiorem
1049 730 1170 806 attinet,

203 834 234 898 in
246 835 423 920 provinciali
437 837 480 900 sic
492 838 618 903 vocitata
628 837 742 917 direti,
752 838 881 905 ducibus
891 838 1033 905 ordinum
1043 842 1171 927 prorin·

203 945 325 1011 cialium
345 958 376 1012 et
399 947 595 1016 circularium
624 951 812 1037 praesidibus
839 973 983 1017 eorumro
1010 951 1130 1018 vicariis
1148 951 1170 1015 ¹.

202 1058 300 1123 Simul
320 1081 357 1125 ac
377 1081 428 1125 res
447 1061 561 1147 legatos
579 1063 734 1151 eligendos
754 1063 993 1150 pronuntiaverit
1012 1063 1172 1149 magistra-

202 1180 290 1234 tuum
306 1182 361 1248 est,
375 1173 521 1258 equestris
541 1174 654 1240 ordinis
669 1176 838 1262 praesidem
853 1179 885 1242 in
903 1176 1020 1241 circulo
1033 1193 1174 1260 unoquo·

202 1302 264 1367 que
286 1283 382 1368 inquo
403 1283 529 1351 Lusacid
555 1287 710 1372 Superiori
739 1289 840 1374 ejusve
861 1288 1009 1354 ricarium
1033 1283 1173 1360 inritare,

202 1404 236 1458 ut
268 1397 375 1460 seriem
399 1396 549 1464 describat
573 1422 609 1466 ac
634 1402 807 1488 probationi
837 1399 1062 1486 subjiciendam
1088 1406 1176 1461 curat

201 1516 266 1570 tum
279 1529 399 1592 eorum,
413 1509 525 1595 quibus
540 1514 573 1576 in
586 1514 790 1580 electionibus
799 1515 853 1600 jus
865 1522 1019 1599 competat
1029 1507 1175 1596 suffragii,

201 1629 267 1682 tum
276 1618 400 1684 illorum
411 1623 475 1709 qui,
490 1645 563 1688 cum
574 1625 710 1713 legitima
721 1627 759 1690 iis
769 1626 802 1690 in
811 1627 950 1713 ipsorum
961 1620 1116 1709 prorincid
1128 1641 1175 1683 rc·

200 1730 312 1817 quisita
322 1734 423 1799 omnia
437 1734 545 1815 adsint,
556 1738 756 1824 suscipendae
764 1738 928 1827 legationis
942 1735 1087 1801 facultate
1097 1753 1176 1820 gau·

199 1841 289 1907 deant
299 1842 320 1912 ².
347 1846 433 1928 Quae
442 1848 533 1913 series
542 1849 687 1935 probatae
698 1849 827 1936 praesidi
838 1849 994 1915 ricariore
1008 1846 1090 1909 illius
1105 1840 1177 1906 red-

198 1954 315 2024 dendae
333 1970 413 2038 sunt,
431 1959 533 2028 addito
544 1964 633 2049 jussu
650 1962 688 2027 de
702 1963 839 2029 ineundo
856 1972 1013 2028 conventu
1035 1953 1180 2023 circulari

198 2071 345 2158 equestris
364 2071 478 2138 ordinis
498 2073 637 2139 diaetdre
655 2073 836 2160 provinciali
848 2072 873 2137 ³.
903 2071 991 2136 Idem
1011 2070 1072 2133 siro
1090 2087 1180 2152 prae·

198 2203 243 2246 ses
259 2205 314 2248 seu
330 2183 459 2250 ricarins
477 2186 510 2249 in
526 2184 731 2250 convocandis
744 2183 882 2270 suffragii
890 2183 965 2268 juro
978 2177 1181 2268 gaudentibus

198 2293 354 2358 ordinibus
378 2295 577 2361 circularibus
608 2295 891 2381 provincialibusre
909 2288 1122 2378 perferendam
1143 2287 1181 2351 ad

198 2425 249 2467 eos
267 2415 355 2469 curet
372 2407 482 2470 seriem
496 2408 619 2472 illorum
639 2408 831 2495 equestrium
854 2404 1013 2469 bonorum
1033 2420 1184 2486 possesso·

200 2538 289 2593 rum,
313 2519 368 2605 qni
392 2520 528 2609 exlegis
556 2522 727 2608 praeceptis
759 2515 913 2607 legationi
941 2510 1102 2578 obeundae
1127 2511 1185 2573 rite

198 2630 310 2714 possint
329 2632 484 2699 admoveri
503 2635 526 2701 ⁴.
566 2636 647 2700 Ante
675 2632 801 2699 ferenda
827 2626 978 2712 suffragia
1009 2623 1125 2709 singuli
1152 2642 1188 2684 ea

198 2745 289 2810 laturi
309 2747 548 2834 jusjurandum
566 2754 720 2833 praestant
746 2748 763 2830 §
787 2744 829 2806 14
853 2733 1050 2824 propositum
1068 2731 1093 2795 ⁵.

241 2858 331 2922 Plura
358 2880 452 2945 quam
475 2858 595 2923 cunctis
621 2854 746 2941 reliquis
766 2854 801 2916 in
825 2847 972 2933 aliquem
1000 2862 1192 2907 concurren-

198 2967 237 3029 tia
265 2968 406 3056 suffragia
435 2970 620 3033 electionem
642 2965 801 3040 efficiunt,
825 2978 946 3024 rerum
975 2965 1091 3028 umen,
1118 2950 1196 3026 ubi,

198 3087 243 3140 ter
270 3080 393 3163 perlatis
422 3078 592 3165 suffragiis,
622 3074 773 3161 ejusmodi
808 3087 972 3136 numerus
1001 3063 1199 3129 calculorum

197 3189 311 3254 uemini
327 3192 481 3280 obtigerit,
498 3189 532 3252 in
545 3187 633 3253 tertia
649 3185 761 3250 latione
778 3183 864 3249 ratio
876 3173 1025 3242 habenda
1041 3181 1087 3236 est
1102 3171 1204 3251 illius,

196 3320 309 3384 quem,
333 3324 404 3388 prae
418 3300 551 3387 reliquis
569 3296 706 3384 singulis,
724 3296 816 3382 plura
841 3285 1002 3372 suffragia
1021 3282 1207 3367 designare·

197 3411 257 3475 rint
271 3411 295 3475 ⁶.
330 3416 420 3497 Tum,
436 3413 461 3477 si
484 3409 630 3498 pluribus
648 3405 754 3471 eodem
774 3417 926 3470 numero
950 3389 1124 3478 obtigerint
1145 3389 1212 3454 sul·

195 3527 309 3613 fragia,
330 3529 402 3595 sorti
423 3523 621 3612 relinquitur
640 3521 767 3585 ulterius
786 3519 991 3585 decernere.

238 3641 436 3729 Singulorum
455 3641 618 3706 sociorum
638 3634 671 3698 in
695 3644 878 3718 utrumque
903 3626 1037 3686 0⁰0¹·um
1058 3608 1224 3696 ¹⁰8⁸¹¹d⁰·

195 3774 278 3832 rum,
300 3766 334 3820 ut
352 3769 382 3821 et
402 3754 608 3847 singulorum
628 3745 811 3811 vicariorum
838 3729 1005 3819 ‚iugulas
1024 3728 1231 3808 P⁶¹¹8⁰¹¹¹¹¹

201 3882 371 3894 -ξ

227 3938 234 3970 ¹
252 3940 313 3991 nu.
330 3944 344 4009 r
360 3942 402 3994 ss.

225 4031 236 4063 ⁸
252 4034 313 4085 rur.
330 4038 344 4104 r
360 4036 403 4087 as.
