2738 4740
12 4262 85 4444 N

687 459 752 524 204

101 672 102 677 ’
240 649 371 738 regionis
392 646 521 731 alicujus
548 644 692 709 electores
723 662 787 728 quo
815 639 917 703 minus
951 634 990 702 ad
1021 636 1130 701 locum
1161 631 1211 700 bs·

240 761 410 829 bendomm
439 756 635 824 comitiorum
661 775 726 819 sese
754 751 927 818 conferrent
948 748 1079 814 omuino
1098 747 1211 814 tuerint

240 873 396 961 impediti,
419 881 608 937 caeterarum
626 888 697 931 vero
721 864 877 952 legitimus
904 883 1053 928 numerus
1082 863 1209 927 ωἱαίωο

242 984 443 1062 desideretur,
465 981 612 1068 praesidi,
631 981 782 1046 sociorum
801 976 882 1042 binis
906 975 1001 1040 tertiis
1017 976 1209 1041 consenties-

240 1099 338 1175 tibus,
368 1093 560 1160 inducendae
581 1094 696 1178 absque
716 1090 800 1157 omni
821 1089 906 1154 mord
931 1087 1091 1154 electionis
1115 1087 1209 1153 libera

100 1307 103 1311 y
241 1212 368 1279 nouus
394 1207 578 1294 relinquitur
596 1206 619 1273 ¹.

287 1324 425 1406 Quatuor
443 1320 538 1406 igitur
555 1317 679 1406 paganis
694 1314 869 1380 bominibus
889 1315 1005 1402 legatos
1022 1336 1095 1380 suos
1112 1312 1208 1402 desig·

242 1433 358 1501 natun's
388 1430 581 1498 comitiomm
610 1428 787 1515 praescripti
813 1425 933 1491 ordines
959 1425 1099 1493 luerunt.
1138 1427 1210 1492 Nam

243 1547 377 1633 primum
403 1544 555 1629 cujusque
578 1540 738 1626 municipii
768 1540 847 1604 cives
869 1559 974 1614 senos,
997 1550 1141 1624 septenos
1164 1560 1210 1603 oc-

244 1671 377 1737 tonosve,
389 1656 499 1743 partim
512 1655 694 1741 promiscue,
710 1654 822 1738 partim
832 1673 869 1716 ex
880 1650 1052 1729 ditioribus,
1065 1650 1099 1716 in
1119 1649 1212 1715 trien-

244 1772 332 1837 nium
346 1770 403 1833 sibi
413 1769 533 1854 eligunt
545 1765 758 1830 moderatores.
782 1765 899 1829 Horum
917 1762 1031 1829 deindo
1049 1763 1213 1850 collegium

245 1884 284 1949 de
296 1881 431 1948 centenis
444 1878 605 1964 municipii
622 1877 745 1942 familiis
760 1879 896 1965 singulos
911 1879 1018 1963 paucis
1030 1877 1214 1965 quibusdam

244 1995 459 2061 satisfacientes
490 1979 713 2058 conditionibus
755 1990 977 2058 communionis
1012 1991 1215 2057 mandatarius

246 2109 409 2175 renuntiat.
440 2105 587 2172 Omnium
618 2104 861 2190 uniuscujusque
885 2104 1044 2170 ambactus
1067 2127 1216 2194 pagomm

246 2219 442 2298 mandatarii,
469 2229 544 2306 quot
570 2218 707 2283 millibus
733 2216 919 2282 familiarum
943 2215 1106 2283 ambactus
1129 2216 1217 2283 inba-

246 2337 378 2416 bitetur,
399 2334 544 2411 totidem,
568 2331 655 2397 tertia
682 2331 893 2418 suffragiomm
921 2332 1045 2410 latione,
1073 2333 1217 2399 electores

248 2447 447 2520 constituunt,
468 2444 510 2510 ita
536 2455 724 2529 comparatos
749 2443 886 2508 homines
910 2456 945 2508 ut
971 2443 1051 2509 nibil
1080 2445 1117 2509 iis
1145 2444 1218 2511 desit

248 2579 365 2635 eorum,
386 2577 467 2642 quae
485 2554 523 2621 ad
543 2556 638 2641 ipsam
651 2557 833 2643 legationem
854 2556 1081 2641 suscipiendam
1102 2557 1217 2643 publici

243 2671 323 2756 juris
340 2668 508 2753 praeceptis
529 2668 732 2754 requirantur.
767 2669 906 2751 Quomm
925 2670 1010 2733 enim
1031 2693 1069 2735 ex
1092 2692 1218 2757 corpore

247 2783 389 2869 factoque
408 2782 447 2846 ab
467 2779 574 2845 iisdem
593 2780 731 2860 delectu,
751 2781 942 2869 singulorum
962 2782 1099 2870 delegati
1120 2784 1216 2851 circu

249 2897 349 2960 lorum
370 2893 478 2958 ultima
494 2891 616 2959 undem
630 2894 696 2959 rice
713 2892 891 2959 secernendi
908 2906 989 2959 suut.
1014 2895 1217 2962 Observatum

249 3019 352 3072 tamen
373 3006 509 3086 velimus,
528 3007 631 3092 paullo
656 3006 803 3072 diversam
825 3008 973 3072 rationem
992 3007 1030 3072 iis
1051 3010 1219 3076 necessario

250 3120 422 3206 municipiis
443 3119 602 3207 obtigisse,
636 3141 718 3206 quae
740 3121 876 3197 tertiam,
899 3131 934 3185 ut
963 3119 1109 3201 vidimus,
1137 3124 1219 3210 oppi-

250 3231 359 3296 dorum
380 3233 505 3297 classem
530 3232 689 3299 efficientia
712 3234 843 3297 iormam
864 3233 1021 3319 regiminis
1044 3257 1083 3301 ac
1111 3254 1218 3325 genera

250 3344 547 3431 descriptionemque
575 3346 807 3433 magistratuum
835 3368 908 3411 cum
938 3346 1069 3412 urbibus
1095 3348 1218 3437 quidem

251 3456 381 3522 habeant
410 3457 601 3535 communia,
624 3470 655 3523 at
678 3459 793 3545 legatos
814 3458 993 3546 designandi
1010 3461 1073 3526 ritu
1098 3474 1132 3527 et
1152 3484 1219 3529 oon·

251 3569 414 3635 suetudine
438 3569 590 3634 ruralibus
616 3571 883 3636 communionibus
909 3570 1126 3639 adsimilcntur
1143 3575 1166 3656 ²;
1191 3577 1221 3640 iu

252 3684 363 3769 quibus
384 3682 522 3768 proinde,
546 3684 668 3748 excluso
693 3684 923 3770 magistratuum
943 3686 1095 3774 collegio,
1121 3713 1139 3755 a
1158 3689 1223 3755 solis

253 3796 365 3860 cisium
383 3796 637 3880 procuratoribus,
651 3818 728 3881 quos
743 3797 867 3882 simplex
880 3797 1077 3865 intercedens
1088 3800 1225 3870 delectus

249 3962 322 3971 ι-.-.
355 3965 394 3970 ...,.
408 3966 441 3971 Δ,
455 3967 460 3971 ,

289 4049 296 4082 ¹
315 4053 376 4101 lbid.
392 4054 410 4101 l.
429 4069 448 4099 c.
468 4051 482 4120 §
499 4051 541 4102 39.

290 4143 300 4173 ²
319 4144 378 4193 ibid.
396 4146 414 4193 l.
432 4162 453 4193 c.
472 4143 524 4210 qb,
541 4146 599 4195 soll.
614 4147 682 4196 edict.
699 4148 727 4196 de
744 4164 808 4197 muri.
827 4157 901 4198 coust.
917 4157 941 4197 et
958 4150 1024 4200 adn.
1037 4154 1067 4203 T.
1087 4158 1108 4220 l,
1125 4160 1140 4225 p
1160 4159 1184 4210 l.
