2738 4740
717 429 756 489 12

248 623 384 687 veretur,
412 611 550 676 omnium
588 611 712 674 maximi
746 611 879 695 ipsorum
913 611 1078 673 interesset.
1134 608 1224 674 Uude

248 746 338 809 saepe
356 723 420 788 lieri
436 726 605 789 necessario
622 722 743 799 debuit,
767 733 801 786 ut
818 734 941 807 propter
962 733 1125 809 urgentem
1139 722 1225 786 cala-

249 838 387 901 mitatem
420 835 629 923 pecuniarium
654 837 805 901 auxilium
829 837 925 922 rogati
946 834 1083 910 ordines,
1118 857 1224 898 ama·

245 949 321 1034 jori,
341 949 365 1012 si
387 959 570 1015 recusassent
587 970 655 1012 mor
674 948 877 1026 orituro,sibi
888 958 1058 1012 metuentes
1074 947 1224 1031 periculo,

250 1061 438 1149 propositum
476 1060 531 1124 sibi
560 1081 637 1124 onus
671 1060 797 1124 omnino
828 1058 938 1144 suscipi
973 1084 990 1124 a
1017 1081 1083 1124 sese
1112 1060 1226 1123 debere

244 1173 437 1257 judicarent,
455 1194 496 1236 ne
520 1183 550 1237 et
572 1172 628 1258 ipsi
645 1183 674 1236 et
694 1173 792 1237 omnis
812 1172 936 1235 fortasse
954 1194 999 1236 res
1026 1171 1149 1256 publica
1172 1194 1226 1256 pe·

250 1287 330 1351 nitas
355 1284 624 1371 pessumdarentnr
649 1286 671 1348 ¹.
710 1287 753 1348 Er
777 1307 840 1371 quo
859 1307 929 1347 vero
948 1285 1033 1348 sonte
1056 1283 1115 1349 lroc
1134 1285 1225 1348 etiam

250 1398 427 1486 profluxisse
447 1396 600 1474 videmus,
619 1397 722 1483 quod,
743 1419 781 1460 oe
799 1408 859 1460 tam
877 1397 1002 1482 ancipiti
1026 1419 1127 1461 rerum
1146 1407 1227 1462 statu

250 1511 340 1576 laeile
363 1510 517 1596 principes
541 1508 752 1584 abuterentur,
776 1529 897 1572 summo
925 1508 1025 1572 studio
1053 1508 1227 1574 curandum

251 1624 309 1687 sibi
330 1622 426 1708 magis
447 1621 607 1707 magisque
631 1621 750 1685 ordines
774 1621 1025 1698 existimaverint,
1046 1622 1229 1708 primarium

250 1737 347 1824 igitur
368 1755 475 1799 eorum
490 1734 542 1818 jos
567 1744 596 1797 et
619 1735 706 1820 quasi
727 1734 862 1799 officium
893 1735 923 1797 in
951 1758 987 1798 eo
1009 1736 1120 1800 versari
1142 1737 1229 1800 iuce-

254 1849 350 1936 perit,
374 1859 409 1911 nt
437 1848 520 1912 eirca
541 1869 642 1911 veram
665 1847 745 1911 illius
772 1848 855 1934 quod
883 1849 1011 1934 petitum
1034 1860 1112 1912 essct
1135 1870 1230 1933 prae-

253 1959 350 2025 standi
384 1956 511 2024 subsidii
547 1960 780 2036 necessitatem,
800 1957 956 2045 judicium
983 1961 1227 2046 interponerent.

253 2074 465 2158 Quapropter,
491 2082 669 2158 postquam,
701 2072 886 2157 procedente
917 2084 1069 2157 tempore,
1096 2095 1132 2137 ex
1162 2095 1231 2137 rnu-

255 2187 321 2251 tatis
342 2184 502 2272 paullatim
523 2184 641 2270 publici
656 2186 737 2271 juris
754 2184 913 2271 principiis
936 2187 983 2250 vcl
1008 2185 1231 2273 erigendorum

254 2299 438 2363 tributorum
458 2298 586 2363 facultas
607 2297 758 2385 quaedam
778 2297 908 2363 adscribi
935 2299 1097 2386 regionum
1126 2302 1230 2385 impe-

256 2411 391 2478 rantibus
415 2411 580 2495 eoepisset,
607 2411 716 2475 mansit
735 2422 836 2475 tamen
860 2413 906 2475 vel
927 2413 972 2477 sic
990 2412 1134 2477 ordinum
1159 2436 1233 2478 auc-

256 2523 358 2587 toritas
388 2524 420 2586 in
450 2522 630 2600 statuendo,
662 2523 790 2607 hujusce
820 2525 938 2610 generis
972 2525 1142 2589 remedium
1173 2549 1231 2602 an,

255 2635 380 2701 caeteris
395 2634 536 2698 omnibus
559 2634 787 2710 deficientibus,
814 2646 939 2720 propter
955 2658 1107 2700 summam
1124 2639 1234 2702 aerarii

254 2747 408 2831 inopiam,
432 2768 487 2832 per
509 2748 592 2834 leges
620 2749 762 2834 usurpari
790 2748 930 2814 liceret2.
971 2752 1074 2837 Atque
1107 2773 1142 2814 er
1179 2751 1232 2815 illo

252 2861 338 2946 jure,
354 2881 418 2948 quo
437 2859 625 2944 principibus
648 2861 854 2944 competierit,
872 2861 937 2936 uti,
955 2862 1097 2926 ordinum
1113 2885 1232 2928 conve-

254 2972 374 3039 nienter
389 2972 572 3050 sententiae,
594 2972 754 3057 pensiones
779 2996 795 3036 a
825 2972 938 3037 civium
966 2975 1165 3040 universitate
1183 2998 1234 3041 rs·

254 3087 428 3175 quirerent,
452 3087 549 3174 magis
571 3108 657 3163 esse,
675 3098 710 3150 nt
733 3107 840 3150 eorum
859 3087 949 3150 etiam
976 3087 1031 3173 qni
1051 3088 1234 3153 sententiam

256 3203 353 3290 rogati
379 3201 507 3266 minime
534 3201 674 3276 luissent,
700 3197 816 3264 lerendi
833 3198 941 3265 indicti
969 3200 1068 3265 oneris
1087 3201 1234 3289 obligatio

254 3314 411 3381 derivetur
436 3334 529 3400 quam
553 3334 589 3376 ex
616 3311 729 3376 tributi
757 3310 891 3398 quidam
912 3311 1069 3378 ordinibus
1104 3316 1236 3380 auctori.

255 3440 317 3493 tate
340 3447 520 3493 consensum
549 3447 660 3500 suum,
699 3424 829 3489 aliorum
855 3424 946 3488 etiam
969 3427 1112 3504 nomine,
1134 3427 1235 3492 inter-

256 3540 405 3628 ponendi,
424 3562 442 3604 a
463 3537 644 3604 doctissimis
666 3537 754 3613 viris,
776 3536 813 3601 ad
838 3535 950 3623 optima
977 3536 1036 3603 bac
1062 3538 1095 3603 in
1118 3561 1152 3603 re
1173 3549 1234 3604 tes·

256 3653 382 3717 timonio
404 3651 658 3736 provocantibus,
682 3648 848 3715 admodum
872 3648 1077 3714 verisimiliter
1095 3650 1235 3736 disputa·

259 3778 325 3830 tum
344 3765 528 3829 arbitramur
546 3763 570 3827 ³.

257 3883 458 3983 ’sai-iai,
475 3922 491 3969 r.
512 3923 532 3971 1.
548 3926 561 3989 a
579 3920 646 3985 aas,
668 3923 724 3970 0011.
742 3924 755 3987 a
773 3919 873 3983 aaa,
898 3918 950 3968 aas
966 3931 990 3968 a
1009 3924 1020 3985 ,r
1041 3921 1100 3983 aar,
1119 3922 1192 3971 reo

292 4016 305 4052 2
322 4017 454 4074 hmou,
472 4013 490 4060 l.
509 4013 525 4060 l.
543 4012 602 4061 ibid.

291 4108 378 4158 ³Eine
401 4107 515 4169 Riaiguag
543 4106 581 4153 die
604 4105 673 4153 aeter
697 4115 789 4169 sorgte,
807 4104 861 4151 dass
886 4120 930 4151 von
948 4104 1045 4152 solohea
1072 4106 1151 4153 l's'llco
1179 4107 1235 4155 kain
