2738 4740
576 407 640 472 262

131 592 295 658 electiones
314 600 337 657 ¹.
392 593 429 656 ln
456 591 588 676 priorem
615 597 739 654 eoelum
770 589 897 678 legatis
923 593 1043 660 vienni
1075 616 1130 660 nou

130 703 341 790 adjunguntur
360 702 384 768 ².
423 703 543 789 Scripto
571 700 705 768 eduntur
721 700 886 791 suffragia
906 702 932 771 ³.

174 814 349 881 Praesidum
371 815 450 902 regis
466 815 591 880 uomina
605 811 739 900 eligendi
762 813 879 881 officio
894 818 1129 904 praefectorum

131 940 186 1012 est,
208 929 247 995 de
264 940 375 994 eventu
394 928 596 1007 electionum,
621 925 776 1012 adjunctis
796 930 886 995 aetia
908 930 1128 1021 (Wablproto-

131 1041 223 1131 colle)
243 1045 358 1109 relerre
376 1043 401 1110 ⁴.

585 1177 605 1261 §
628 1181 660 1244 6.

153 1316 339 1405 Praecepto
357 1318 449 1380 circo
464 1315 649 1379 electionem
670 1315 864 1403 legatorum
883 1318 1103 1385 urbanam.

175 1496 263 1572 boec,
283 1493 395 1580 quibus
407 1494 458 1579 jus
477 1491 654 1577 suppetitia
672 1502 791 1576 partem
808 1494 967 1561 seniendi
988 1497 1122 1562 urbano·

132 1630 201 1673 rum
219 1607 393 1694 legatorum
408 1606 574 1680 electionis,
590 1603 770 1670 nominatim
783 1603 1005 1692 designantur
1021 1610 1056 1673 in
1069 1631 1118 1694 ψ

131 1720 259 1807 peudice
278 1721 340 1809 legi
361 1719 400 1786 de
420 1721 508 1786 elect.
527 1722 571 1784 24
590 1720 675 1805 Sept
699 1720 780 1784 1831
805 1716 923 1787 suffixa
942 1722 970 1790 ⁵.
1007 1722 1118 1789 liresda

131 1845 234 1901 autem
251 1855 288 1898 ac
305 1833 403 1919 Lipsia
416 1843 548 1918 utraque
562 1831 640 1897 duos
658 1831 818 1920 designant
833 1833 980 1921 legatos,
1004 1836 1118 1903 (irem-

131 1947 222 2012 nitcia
243 1967 342 2011 unum
365 1946 501 2033 legatum
522 1944 673 2031 seligendi
691 1946 763 2032 jure
789 1947 892 2010 utitur
911 1948 938 2015 θ.
972 1949 1117 2016 cantem

131 2061 241 2139 urbes,
262 2059 336 2124 situs
354 2079 461 2124 earum
480 2057 598 2123 ratione
618 2057 732 2148 habita„
747 2078 851 2144 neque
864 2081 946 2139 uon,
961 2074 1116 2148 quantam

132 2173 197 2258 ejus
224 2171 290 2238 fieri
315 2182 432 2258 potest,
459 2170 553 2257 ipsius
582 2170 670 2258 regni
694 2169 835 2236 &ionici
856 2170 891 2235 iu
920 2173 1061 2240 circulos
1087 2185 1116 2239 et

131 2285 288 2350 ambactus
305 2283 541 2360 distributionis,
552 2284 585 2348 in
601 2282 707 2370 viginti
719 2281 956 2370 distinguuntur
969 2290 1041 2372 pari
1053 2290 1114 2353 iere

131 2397 345 2483 magnitudine
379 2396 581 2462 electionibus
614 2395 760 2463 iaciendis
793 2394 954 2463 districtus
991 2400 1113 2487 (wahl-

131 2509 267 2591 beairlse)
297 2530 431 2598 quorum
453 2507 567 2597 singuli
596 2509 753 2575 communi
780 2508 906 2574 urbium
930 2512 1114 2603 suffragium

134 2621 313 2688 habentium
333 2644 486 2687 concursu
509 2622 644 2709 singulos
665 2621 782 2708 legatos
803 2622 1000 2690 constituunt
1013 2625 1040 2693 ².

178 2737 306 2803 Urbium
318 2738 410 2826 legati
428 2759 483 2824 per
497 2735 689 2821 interpositos
702 2735 848 2801 electores
858 2734 1113 2825 (Wahlminuer)

134 2850 333 2938 designantur
351 2851 374 2916 ⁸.
405 2850 518 2938 Igitur,
530 2848 661 2913 simulne
680 2869 699 2910 a
718 2867 791 2933 rege
810 2847 921 2913 electio
936 2851 1112 2938 legatorum

135 2963 256 3029 decreta
270 2963 344 3040 luit,
364 2962 441 3050 regii
458 2959 657 3028 commissarii
672 2960 904 3026 constituuntur
919 2962 959 3028 ad
982 2965 1114 3030 urbanas

137 3077 299 3143 electiones
312 3074 511 3141 moderandas
521 3073 545 3140 ⁹.
554 3074 593 3137 iii
602 3072 727 3160 singuli,
744 3071 872 3160 singuiis
886 3074 919 3140 in
931 3076 1022 3156 locis,
1031 3078 1113 3166 apud

138 3189 332 3277 magistratus
351 3200 490 3254 auctores
521 3187 668 3252 exsistunt
692 3186 782 3251 series
808 3187 998 3256 electionum
1018 3193 1113 3258 eonii-

140 3300 242 3368 cicndi
258 3302 489 3388 electorumque
504 3299 745 3387 designationem
753 3299 780 3345 ¹⁰
790 3303 1006 3388 praeparandi.
1025 3306 1113 3390 Quo-

141 3413 254 3479 rumris
272 3413 463 3501 magistratus
485 3415 625 3478 locorum
642 3412 760 3479 tabulas
773 3411 948 3481 incolarum
964 3418 1041 3504 jure
1055 3421 1114 3485 sui·

142 3528 229 3615 iragii
255 3526 454 3616 gaudentium
479 3536 573 3612 atque
599 3547 717 3603 eorum,
737 3525 792 3613 qui
808 3528 957 3596 electores
972 3534 1115 3600 constitui

148 3670 350 3683 *-

177 3749 185 3782 ¹
205 3749 264 3800 niu
280 3749 294 3815 o
310 3747 352 3798 sa.
631 3746 641 3778 ²
660 3746 721 3794 isra.
737 3747 751 3812 s
766 3745 809 3796 ao.

179 3843 189 3876 ³
207 3843 266 3892 rua.
284 3842 298 3907 a
315 3838 358 3891 u.
633 3837 644 3869 ⁸
661 3838 722 3886 isra.
739 3837 753 3903 s
770 3836 811 3886 ⁴2.

180 3935 190 3969 ⁵
208 3936 268 3984 isra.
286 3934 300 4000 a
318 3931 358 3982 aa.
633 3930 643 3961 0
662 3930 721 3978 nu.
739 3931 752 3995 a
769 3932 811 3978 ss.

179 4030 268 4090 tlbid,
287 4027 360 4093 sss.
636 4024 645 4051 ³
664 4024 724 4072 isra.
742 4024 756 4090 a
773 4024 817 4073 es.

182 4122 192 4154 ⁹
209 4123 270 4173 tua.
289 4119 304 4187 c
321 4120 362 4170 ar.
627 4115 645 4148 ¹⁰
663 4116 724 4166 sua.
739 4118 753 4183 a
768 4113 810 4165 aa.
