2738 4740
71 4248 163 4456 N

726 458 788 521 126

278 644 408 708 minium
426 653 519 730 atque
541 641 695 728 opificium
715 641 903 727 conjunctim
929 642 1010 706 vario
1031 642 1157 708 urbium
1177 666 1245 710 mo-

278 769 382 823 mento
412 756 605 824 convenienti
633 766 814 820 censeantur
839 754 1062 832 aestimatione,
1090 757 1246 821 ulteriori-

277 871 335 936 bus
354 870 544 957 singularum
564 868 790 954 provinciarum
810 869 1048 934 ordinationibus
1074 871 1247 957 unicuique

277 983 347 1047 urbi
377 981 548 1047 definienda
567 980 590 1045 ¹.
629 981 666 1044 In
685 1002 747 1045 una
770 1001 843 1044 vero
870 980 978 1045 Posniti
1005 982 1065 1046 taic
1088 982 1246 1067 opificium

277 1097 392 1184 requiri
415 1095 560 1183 legimus,
581 1093 665 1182 quod
688 1093 818 1180 collegio
838 1094 900 1158 sivo
927 1094 1100 1182 magisterio
1122 1096 1246 1162 cuidam

223 1199 227 1206 ¹
276 1211 445 1278 necessario
465 1211 502 1275 sit
514 1209 687 1295 subjectum
708 1206 850 1290 (welches
869 1208 940 1272 eino
954 1208 1166 1293 Corporation,
1192 1211 1246 1274 ln-

277 1348 365 1411 nung
384 1323 458 1390 oder
472 1320 688 1388 Meistcrsohait
701 1319 874 1407 erbeischt).
895 1321 934 1385 Et
952 1320 983 1384 in
1000 1319 1155 1386 Rhenanis
1173 1344 1248 1408 pro-

276 1438 383 1504 vinciis
413 1440 450 1503 'ac
479 1433 688 1522 Westpbaiii,
719 1456 776 1520 pro
797 1435 909 1519 juncta
943 1432 1073 1499 dominii
1104 1457 1247 1521 agrorum

278 1550 455 1636 opificiique
474 1546 693 1623 aestimatione,
705 1545 844 1610 similiter
859 1545 1057 1611 ulterioribus
1079 1547 1249 1613 ordinatio-

277 1664 367 1729 nibus
394 1660 432 1726 ad
461 1661 704 1746 uniuscujusque
728 1658 811 1724 urbis
841 1658 966 1723 modum
998 1659 1170 1726 definienda
1193 1664 1248 1725 tri·

277 1774 344 1838 buti
372 1793 445 1837 cum
474 1771 634 1856 praedialis
664 1782 730 1836 tum
763 1770 919 1856 opiiieialis
944 1772 1048 1856 pensio
1071 1775 1249 1857 praescribi·

278 1897 339 1950 tur.
360 1886 548 1951 Ulteriorum
568 1907 641 1950 vero
660 1884 886 1950 ordinationum
908 1907 980 1950 cum
997 1886 1059 1951 sola
1079 1888 1249 1952 Posniensis

276 2009 396 2085 praesto
421 1998 509 2064 nobis
535 1997 588 2075 sit,
617 1995 748 2082 hujusce
770 1997 944 2083 provinciae
968 1999 1133 2076 rationem,
1163 2000 1249 2085 quod

277 2109 316 2176 ad
348 2110 448 2177 dictm
471 2109 686 2176 aestimationis
713 2109 832 2175 varium
856 2108 1002 2186 modum,
1029 2110 1125 2174 solam
1154 2133 1248 2196 expo·

279 2224 364 2289 situri
387 2246 503 2292 sumus.
534 2225 692 2289 dicosanus
712 2221 829 2300 autem,
859 2220 965 2287 iisdem
995 2222 1136 2287 relictum
1166 2223 1250 2287 ordi·

278 2339 451 2403 nationibus
477 2338 583 2416 tuisse,
613 2348 647 2401 ut
669 2337 841 2424 legatorum
860 2358 898 2401 er
925 2337 1031 2423 quovis
1063 2335 1169 2402 ordine
1194 2360 1251 2423 per

279 2458 377 2525 certos
399 2447 553 2514 districtus
577 2447 822 2513 distributionem
847 2457 991 2513 accurate
1014 2448 1250 2527 constituerent,

279 2559 363 2647 quod
381 2559 447 2643 jam
469 2559 508 2624 de
534 2559 672 2645 equitatu
689 2561 846 2626 Poeniensi
868 2559 998 2624 vidimus
1016 2559 1040 2626 ².
1067 2561 1174 2646 ltaque
1197 2583 1250 2624 ur·

279 2672 352 2738 bani
383 2671 476 2759 iegati
506 2672 682 2737 Posnionses
714 2673 846 2738 sedecim
875 2672 918 2738 sic
951 2673 1079 2739 urbibus
1098 2673 1250 2754 ¹attributi

279 2787 422 2862 fuerunt,
439 2795 474 2850 ut
499 2786 564 2871 ipsa
584 2786 691 2852 Poonia
719 2786 792 2851 urbs
819 2786 966 2851 binorum
993 2783 1250 2872 designandorum

276 2900 328 2985 jus
347 2897 583 2984 adipisceretur:
603 2920 653 2965 sex
672 2911 777 2966 autem
791 2901 871 2965 aliae
888 2898 979 2964 urbes
997 2900 1127 2984 majores
1140 2899 1251 2986 singu-

280 3013 325 3076 los
339 3009 480 3099 singulae
495 3013 679 3078 constituere
698 3012 882 3098 inciperent:
895 3012 1010 3078 octonis
1025 3011 1160 3098 denique
1178 3013 1250 3077 reii-

281 3125 351 3211 quis
358 3125 568 3214 designandis,
583 3126 716 3191 minores
734 3127 825 3192 urbes
836 3127 869 3190 in
888 3136 958 3192 octo
968 3124 1120 3190 districtus
1135 3125 1250 3212 junge-

280 3249 399 3319 rentur,
412 3260 545 3325 quorum
565 3239 677 3326 singuli
695 3239 830 3327 singulos
847 3248 968 3325 possent
980 3238 1095 3325 eligere
1105 3235 1130 3301 ³.
1160 3237 1252 3318 Quasi

170 3409 171 3413 ,
279 3373 352 3417 vero
378 3351 619 3418 aestimationem
647 3353 756 3418 attinet
775 3350 971 3437 praediomm
997 3348 1253 3436 opifieiorumque

279 3463 312 3530 in
342 3464 422 3544 illis,
448 3486 527 3552 quos
555 3486 592 3530 ex
616 3463 759 3549 opificiaii
784 3463 945 3529 hominum
969 3483 1085 3550 genere
1109 3461 1253 3526 ordinum

276 3575 399 3661 juribus
414 3574 571 3644 admoveri
585 3575 696 3653 liceat,
717 3586 826 3663 quater
847 3576 933 3640 mille
956 3586 1001 3640 est
1018 3570 1254 3639 rixtbalerorum
1308 3659 1310 3664 .

316 3787 395 3838 Ἧι.
413 3787 443 3836 de
474 3785 589 3851 brrodS
609 3784 651 3848 10,
669 3784 699 3834 do
714 3785 798 3853 Bor.§
820 3785 861 3849 10,
879 3786 909 3836 de
930 3787 993 3836 Pom.
1019 3786 1093 3854 010,
1111 3786 1140 3835 de
1154 3786 1200 3836 ut.
1217 3805 1254 3850 pr.

280 3877 530 3948 §11,‹tette·rpt.
551 3876 567 3945 0
585 3876 634 3942 11,
652 3876 683 3927 de
699 3879 768 3927 Poro.
786 3879 801 3946 0
821 3877 863 3940 10,
878 3878 908 3927 de
924 3880 980 3929 dar.
999 3879 1066 3947 010.

313 3966 389 4019 'Lex
404 3968 434 4017 de
451 3969 537 4018 Brund.
554 3970 569 4036 §
588 3972 615 4032 4,
634 3970 664 4019 ds
680 3971 734 4020 Bor.
758 3973 818 4038 04,
840 3970 870 4020 de
894 3972 958 4021 Pom.
986 3974 999 4039 0
1020 3973 1047 4033 4,
1070 3971 1099 4019 de
1121 3972 1196 4020 iiber.
1217 3991 1255 4034 pr.

280 4064 344 4130 04,
361 4063 391 4111 de
409 4062 512 4127 Weotpb.
529 4061 629 4129 04,οο
646 4063 979 4130 Ροη.04,ᾱοδιι.04.

314 4152 326 4188 ³
344 4153 464 4206 Ordinatio
482 4154 513 4203 15
531 4155 585 4205 Dec.
604 4153 688 4218 1830,
704 4154 733 4205 de
746 4155 815 4207 Ouid.
833 4157 902 4206 Pror.
917 4157 942 4205 in
962 4157 1059 4221 Posuit,
1075 4160 1124 4207 Art.
1144 4159 1187 4206 lii.
