2738 4740
650 427 712 492 178

192 613 312 695 Quibus
332 633 402 676 rero
430 622 512 676 extra
535 609 737 697 municipium
768 608 975 676 victitantibus
1001 620 1036 673 et
1055 608 1174 674 domus

192 727 226 791 in
246 726 301 789 illo
328 735 359 789 et
386 722 452 810 agri
481 723 691 810 suppeditent,
725 722 759 788 bi
782 722 895 788 civium
927 721 1069 810 aliquem
1100 722 1173 810 lege

188 837 341 923 jubentur
366 835 536 923 designare,
566 835 634 923 qui,
665 835 748 922 quod
769 834 809 901 ad
828 834 1004 900 societatem
1025 854 1171 900 commu·

192 951 302 1027 nionis,
317 949 397 1015 sices
408 949 544 1034 ipsorum
561 949 686 1033 impleat
702 948 885 1035 juriumque
904 946 941 1010 iis
956 945 1018 1012 boc
1040 948 1170 1013 nomine

192 1061 433 1149 competentium
456 1059 602 1147 fungatur
627 1060 823 1127 exercitione.
877 1059 970 1141 Quali
1000 1058 1169 1126 deficiente

193 1175 390 1251 mandatario,
413 1174 445 1237 in
466 1174 611 1239 colonum
632 1174 748 1259 praedii
767 1172 831 1250 sui,
849 1172 1060 1259 municipium
1084 1174 1168 1240 inco·

193 1286 308 1351 lentem
343 1284 484 1351 mandem
512 1286 688 1351 faculutem
716 1285 810 1350 tacite
838 1284 1003 1351 contulisse
1023 1285 1168 1352 dominus

193 1398 381 1463 existimatur
397 1397 421 1466 ¹.
447 1397 608 1464 Caeterum
626 1420 660 1462 ea
680 1397 874 1484 magistratus
894 1395 1007 1462 urbani
1024 1397 1167 1464 instructi

193 1521 265 1576 sunt
297 1510 499 1588 auctoritate,
524 1521 576 1588 ut,
604 1511 723 1596 quoties
750 1511 947 1594 profuturum
974 1508 1056 1576 illud
1075 1511 1167 1577 saluti

194 1621 353 1689 communi
381 1623 588 1689 intellexerint
624 1624 802 1709 civiumque
838 1622 1013 1708 adstipulati
1053 1625 1169 1691 luerint

194 1746 422 1823 procuratores,
444 1736 482 1801 ad
501 1736 650 1801 honorem
669 1736 803 1823 juraque
822 1735 951 1802 civitatis
978 1737 1056 1802 alios
1076 1739 1167 1804 etiam

193 1858 314 1934 praeter
336 1858 519 1913 memoratos
544 1848 675 1926 incolas,
709 1848 790 1915 salva
818 1850 898 1938 regis
921 1849 1169 1930 confirmatione,

195 1960 312 2045 possint
335 1982 515 2046 promovere
534 1961 559 2029 ².

237 2074 307 2138 lluo
328 2073 518 2159 potissimum
541 2073 639 2161 capita
654 2074 727 2160 jura
751 2073 828 2140 haec
854 2075 985 2141 civitatis
1006 2078 1168 2144 continere

193 2185 350 2255 dicuntur.
402 2187 540 2252 Primum
563 2187 663 2266 enim,
683 2186 721 2251 ad
751 2188 889 2274 quamvis
914 2187 1168 2256 deliberationem

193 2300 230 2364 iis
252 2300 292 2365 de
319 2300 411 2365 rebus
439 2301 655 2365 communibus
683 2298 920 2376 instituendam,
954 2321 1031 2386 quas
1061 2304 1167 2389 populi

193 2411 367 2495 subjectum
381 2410 420 2474 iri
436 2412 585 2499 suffragiis
601 2412 664 2497 ipsa
681 2412 751 2498 lege
765 2411 925 2477 decretum
939 2411 1045 2497 suerit,
1062 2417 1168 2482 cuncti

193 2524 274 2589 circs
284 2520 512 2587 conditionibus
522 2544 593 2587 vere
604 2523 819 2589 satisfacientes
831 2522 1049 2591 admittuntur.
1073 2527 1171 2594 Dein·

193 2636 252 2714 de,
279 2631 432 2698 honorum
456 2633 754 2722 magistratuumque
779 2635 1012 2722 municipalium
1039 2660 1169 2726 capaces

193 2751 286 2815 iidem
304 2745 472 2826 habentur,
494 2746 672 2826 dummodo,
694 2770 775 2835 quae
790 2749 918 2834 insuper
934 2753 1169 2836 capessentibus

191 2863 260 2928 illos
287 2861 547 2948 praescribuntur,
574 2863 665 2948 plane
689 2862 806 2927 fuerint
829 2863 959 2928 assecuti
975 2862 999 2930 ³.
1044 2865 1168 2948 Quibus

189 2975 313 3059 juribus
330 2973 457 3058 duplex,
474 2984 510 3038 ut
528 2996 585 3060 par
605 2986 658 3052 est,
681 2973 844 3059 respondet
860 2974 1005 3054 officium,
1026 2988 1099 3043 tum
1119 3001 1167 3044 as·

192 3086 281 3152 sidue
293 3085 326 3150 in
345 3084 451 3171 populi
470 3084 594 3152 comitia
611 3084 790 3164 ventitandi,
805 3096 872 3151 tum
891 3108 1114 3177 quaecumque
1128 3091 1169 3157 ad

193 3221 259 3264 sese
283 3219 412 3263 munera
437 3198 562 3284 publica
587 3196 777 3275 deierantur,
807 3199 866 3262 nisi
888 3199 1005 3283 justam
1030 3200 1168 3289 legeque

193 3311 338 3378 sancitam
355 3310 557 3376 excusationis
574 3331 697 3375 causam
715 3309 823 3375 afferre
835 3313 959 3396 possint,
979 3313 1169 3401 suscipiendi

192 3446 229 3490 ac
251 3424 345 3511 probe
370 3421 563 3508 fideliterque
583 3445 638 3510 per
659 3445 751 3488 omne
776 3434 897 3510 tempus
917 3424 1093 3512 legitimum
1117 3451 1167 3495 rc·

192 3535 310 3601 tinendi
325 3535 350 3603 ⁴.
396 3533 497 3600 Tertia
526 3533 573 3599 bis
602 3535 801 3624 subjungitur
830 3537 976 3626 obligatio
1003 3537 1038 3603 in
1064 3542 1170 3627 perfe-

193 3647 294 3714 rendis
325 3667 381 3734 pro
413 3647 493 3711 virili
520 3657 607 3733 parte
636 3650 852 3714 communibus
881 3650 1026 3715 oneribus
1056 3654 1167 3739 posita.

192 3763 345 3844 Quorsum
358 3759 476 3827 scilicet
492 3760 594 3826 omnia
615 3759 668 3826 illa
683 3761 847 3847 pertinent,
866 3785 958 3849 quae,
977 3776 1168 3835 cunctorum

228 3931 481 4000 ¹tbtt.t.e.ptt.
548 3930 639 3982 ²1tid.
657 3933 676 3984 1.
694 3950 715 3983 c.
736 3932 808 3998 §lb
893 3933 1150 4007 ’lbid.l.c.§l'l.

226 4027 313 4076 *teia
332 4027 350 4075 l.
368 4044 390 4075 c.
407 4026 421 4093 §
440 4025 482 4087 19,
505 4027 545 4075 Na
564 4025 577 4074 l
596 4035 619 4075 et
636 4025 661 4077 2.
695 4027 902 4091 Repudiandorurn
927 4046 1050 4080 munerun
1075 4050 1166 4086 musae

192 4120 309 4183 legitimae
327 4127 476 4181 exponuntur
493 4117 507 4184 p
524 4116 566 4167 77.
