2738 4740
658 388 732 485 asor

188 590 278 654 supra
295 567 504 633 annotavimus
524 565 547 631 ¹.
586 565 663 631 Fieri
684 575 789 631 autem
808 576 906 651 potest
924 578 959 631 ut
975 579 1051 632 ante
1072 569 1161 656 elap-

185 703 253 746 sum
271 678 450 745 sexennium
470 677 635 743 electiones
653 676 866 742 instaurandae
884 679 954 758 sint,
969 679 1028 744 ubi
1040 681 1162 748 seilicet

185 817 236 859 rex
264 813 437 859 concessam
465 790 523 855 sibi
546 802 650 856 coetus
670 790 862 876 provincialia
887 789 1072 857 dissolvendi
1100 815 1160 879 po·

185 915 323 971 testatem
346 902 517 968 exercuerit
534 902 557 968 ².
602 901 730 980 Salaria,
754 901 837 989 quod
866 903 1002 968 muneris
1027 916 1158 971 naturae

182 1041 330 1106 perquam
361 1037 553 1103 congruum,
589 1016 781 1102 provincialis
812 1016 935 1082 concilii
964 1019 1040 1084 sccii
1072 1022 1155 1086 acci·

184 1134 273 1216 piunt
291 1131 378 1196 nulla
396 1129 420 1196 ³.

224 1243 374 1309 Ordinum
407 1242 520 1308 sancita
554 1242 766 1320 distinctione,
797 1244 959 1328 separatim
982 1245 1155 1334 unicuique

182 1357 280 1421 ordini
311 1355 540 1421 candidatorum
578 1353 729 1420 committi
760 1354 1000 1440 designationem
1029 1378 1155 1422 necesse

180 1481 254 1536 erat.
298 1471 396 1534 Suum
417 1468 512 1556 igitur
527 1468 658 1554 quisque
681 1467 754 1532 ordo
777 1468 945 1533 electorum
964 1469 1072 1550 habet,
1091 1473 1153 1536 sin·

180 1581 260 1667 gulis
283 1581 315 1645 in
337 1580 677 1666 circulis,collegium,
700 1579 740 1644 ab
761 1601 868 1644 eorum
887 1579 1085 1665 proficiscens
1098 1606 1153 1650 no·

178 1693 361 1771 minatione,
383 1694 452 1778 qui,
477 1694 584 1778 quavis
604 1694 635 1758 in
657 1692 768 1775 classe,
782 1684 915 1780 suffragii
935 1694 1056 1761 serendi
1074 1697 1154 1782 juris

178 1805 340 1889 participes
371 1815 551 1869 censeantur
570 1806 594 1866 ⁴.
651 1807 729 1869 Sunt
757 1817 861 1871 autem
887 1807 968 1871 tertii
986 1811 1153 1897 quartique

176 1915 289 1981 ordinis
302 1916 464 1981 alectorias
480 1916 642 1982 conciones
660 1917 741 1982 haud
752 1919 829 1983 aliae
845 1942 893 1996 ac,
909 1921 1029 2006 quasin
1041 1921 1151 1988 iisdem

177 2028 283 2116 populi
307 2027 564 2094 mandatariomm
587 2030 677 2118 iungi
698 2031 863 2096 selectione
880 2032 1064 2112 viderimus,
1085 2058 1150 2100 ma-

177 2153 292 2230 netque
311 2142 372 2208 illis
388 2143 422 2206 in
437 2139 495 2207 hac
511 2142 701 2207 solemnitate
718 2142 743 2205 is
760 2143 872 2230 agendi
889 2144 964 2209 ritus
982 2145 1150 2233 legitimus,

175 2277 269 2341 quem
290 2254 384 2339 priori
404 2253 449 2317 illi
471 2254 574 2337 jussae
598 2253 713 2319 fuerint
733 2254 880 2320 adhihere
898 2255 922 2323 ⁵.
967 2257 1059 2339 Quae
1080 2282 1151 2326 rcro

174 2369 265 2432 urbes
282 2368 419 2452 proprios
444 2369 564 2432 mittere
583 2369 701 2432 soleant
722 2368 893 2457 delegatos,
914 2368 979 2449 his,
999 2393 1037 2436 eo
1059 2375 1153 2458 plane
1203 2416 1206 2421 -

106 2568 110 2573 Ι
172 2499 269 2553 more,
285 2497 379 2563 quem
398 2488 530 2542 caeteras
546 2480 680 2565 singulas
696 2504 730 2545 ex
749 2481 849 2546 edicto
867 2484 939 2547 anni
961 2488 1049 2554 1818
1064 2489 1152 2573 sequi

173 2599 326 2675 oporteat,
350 2590 553 2654 constituendi
578 2602 666 2668 sunt,
687 2593 740 2678 qui
774 2595 1006 2678 provincialium
1032 2599 1150 2666 eleeto-

173 2723 242 2767 rum
263 2701 393 2767 comitiis
412 2700 605 2767 adsociantur
625 2705 649 2769 ⁶.

216 2815 375 2901 Quotquot
395 2838 466 2881 vero
476 2816 528 2900 jus
544 2815 679 2881 dicentes
696 2838 877 2902 possessores
902 2831 1008 2886 coetus
1024 2823 1148 2888 alterius

173 2926 231 2992 hoc
251 2950 286 2991 ex
308 2927 413 2993 ordine
430 2929 518 2992 sociis
540 2928 733 3015 designandis
753 2929 978 3012 admittuntur,
998 2935 1149 3021 quosdam

205 3135 213 3166 ¹
233 3136 287 3184 llud.
310 3135 328 3183 l.
342 3138 354 3202 q
369 3134 412 3196 22,
428 3136 452 3183 in
469 3136 486 3184 l.
504 3137 561 3185 coll.
577 3137 665 3185 decret.
685 3137 696 3185 l
717 3138 772 3186 dan.
792 3136 896 3204 l822,§
924 3141 956 3189 X.

206 3227 216 3258 ²
235 3228 291 3278 nso.
306 3228 323 3275 l.
342 3229 356 3295 q
375 3225 471 3289 24,N⁰.
487 3227 512 3275 6.

204 3321 214 3350 ³
229 3322 285 3369 llad.
300 3320 319 3368 l.
336 3322 349 3386 p
368 3317 409 3370 21.
424 3320 490 3384 Quod
504 3329 582 3368 tanen
599 3337 663 3369 anno
683 3318 749 3369 1837
768 3323 802 3370 sic
819 3331 935 3371 mutatum
952 3324 1009 3386 luit,
1026 3337 1056 3377 ut
1075 3330 1104 3377 ab
1121 3347 1149 3380 eo

168 3415 223 3463 inde
238 3425 341 3478 tempore
355 3415 446 3462 minuta
462 3413 577 3476 stipendis
603 3413 790 3475 provincialibus
814 3416 955 3465 consiliariis
977 3421 1150 3481 rependentur.

170 3511 194 3556 v.
213 3521 366 3570 mitraeus,
384 3508 403 3556 l.
415 3525 435 3556 c.
453 3525 475 3569 p.
494 3505 553 3555 289.

203 3600 286 3649 tria.
307 3587 409 3667 roto
425 3598 531 3663 essm.

204 3693 286 3742 ⁸lind.
304 3694 348 3757 lq
365 3690 406 3752 12,
420 3693 459 3741 N⁰.
473 3693 518 3754 lll,
534 3693 565 3740 nl.
582 3691 595 3739 l
613 3702 636 3740 et
653 3694 691 3740 Nl.
707 3692 746 3756 ll,
765 3693 779 3758 ᾗ
797 3691 837 3753 13,
856 3694 888 3742 nl.
908 3690 933 3756 2,
951 3695 1009 3746 coll.
1027 3698 1100 3747 edict.
1119 3699 1147 3746 tle

169 3804 235 3835 coar.
255 3786 330 3833 ordin.
346 3786 371 3834 T.
388 3788 407 3846 l,
423 3787 437 3851 q
456 3782 490 3832 26
509 3785 557 3849 etp
574 3782 616 3834 37.
652 3785 686 3832 lh
705 3786 754 3845 ipso
771 3796 847 3833 tamea
861 3803 915 3848 rege
933 3789 1054 3839 nominari
1065 3791 1147 3841 harum

168 3881 306 3928 concionum
324 3879 440 3941 praesides
460 3878 599 3927 invenimus.
622 3879 646 3927 l.
663 3879 714 3926 end.
734 3881 750 3926 l.
771 3880 783 3944 ᾗ
801 3878 843 3939 13,
859 3880 890 3927 al.
908 3883 932 3927 4.

203 3968 212 4001 ⁸
231 3972 286 4019 eat.
298 3974 314 4019 l.
328 3973 342 4036 q
355 3969 395 4025 12.
414 3973 457 4020 N·¹'.
475 3972 520 4022 ΙΙΙ.
532 3971 563 4018 al.
575 3968 600 4032 2,
620 3972 675 4020 coll.
688 3972 757 4020 edict.
772 3973 799 4019 sle
817 3990 883 4020 conr.
903 3973 980 4023 ordia.
992 3977 1020 4024 Τ.
1036 3978 1057 4036 l,
1071 3977 1085 4041 ᾗ
1097 3978 1114 4027 ὃ
1126 3988 1149 4028 et

167 4063 193 4131 qli
212 4060 255 4123 24,
271 4061 311 4110 25,
