2738 4740
720 456 782 521 116

256 646 407 711 beroeae
436 640 562 707 rusticos
589 659 734 728 agrorum
764 656 942 724 possessores
973 637 1134 728 (Kotmern
1160 639 1226 704 und

255 747 1223 838 FreienundbouerlioheGrundbesitzem).Numerushocpro<

255 869 394 958 portione
415 876 460 932 est
479 864 638 931 definitos:

298 983 323 1049 1.
346 982 405 1044 Pro
422 978 562 1043 Borussit
581 974 730 1043 Orientali
749 987 781 1041 et
800 973 957 1041 tithonit:

340 1093 463 1157 Primos
472 1089 557 1169 ordo,
568 1094 622 1168 30,
631 1086 783 1154 secundus
791 1087 877 1165 ordo,
892 1091 943 1166 15,
955 1087 1061 1152 tertius
1071 1085 1156 1170 ordo,
1172 1091 1223 1166 15,

341 1206 401 1270 Pro
419 1203 560 1269 Borussis
576 1202 671 1290 igitur
687 1201 837 1268 Orientali
856 1212 886 1267 et
902 1200 1059 1279 Lithonii,
1080 1205 1135 1269 60.

243 1314 245 1317 ’
278 1319 320 1385 IL
341 1319 401 1382 Pro
420 1315 559 1381 Borussii
584 1313 791 1381 Occidentali:

339 1427 460 1493 Primus
479 1426 574 1511 ordo,
595 1432 652 1504 15,
675 1423 826 1493 secundus
848 1428 906 1503 13,
926 1424 1050 1503 tertius,
1074 1427 1104 1505 73

339 1543 400 1606 Pro
417 1537 557 1604 Borussii
574 1537 671 1627 igitur
688 1536 898 1614 Occidentali,
922 1542 976 1604 35.

338 1653 438 1740 Igitur
456 1673 512 1739 pro
530 1651 671 1716 universo
689 1648 785 1715 hocce
800 1648 958 1736 provinoit
976 1649 1106 1714 veniunt
1125 1653 1179 1715 95.

295 1764 525 1831 Pomersnensis
539 1763 694 1848 provincio
708 1761 761 1827 has
772 1761 864 1828 habet
874 1773 993 1848 portes:
1012 1763 1222 1828 Pomeraniem

250 1875 443 1944 interiorem
465 1875 625 1956 Veterem,
654 1873 863 1939 Pomeraniam
891 1874 1083 1941 Anteriorem
1107 1876 1223 1939 Novom

252 2002 283 2057 et
305 1992 483 2077 Rugensm,
507 1987 717 2052 Pomeraniom
737 1985 948 2054 Posteriorom.
978 1986 1130 2053 Ordinum
1146 1986 1223 2051 hoec

250 2115 295 2170 est
318 2103 408 2180 ratio,
438 2114 475 2168 ut
499 2103 615 2189 primus
643 2101 864 2188 complectatur
886 2102 1084 2188 Equitatum,
1106 2101 1222 2187 inquo

248 2216 433 2284 Putbusensi
452 2214 587 2300 Prinoipi
612 2225 732 2282 certum
751 2214 803 2300 jus
820 2213 1028 2295 adtributum
1050 2212 1220 2294 secundus,

250 2330 365 2412 Urbes3
398 2327 523 2404 tertius,
557 2328 690 2414 reliquos
716 2348 861 2414 agrorum
897 2325 1049 2405 dominos,
1081 2327 1221 2404 colonos,

249 2440 388 2506 rusticos.
410 2439 537 2505 Numeri
561 2439 718 2526 proportio
737 2437 814 2504 hoec
838 2439 1028 2504 observetur:

292 2554 319 2620 Ι.
337 2553 397 2617 Pro
413 2551 593 2616 Pomeroni4
610 2549 763 2617 Anteriori
781 2552 907 2618 Vetere:

335 2664 457 2730 Primus
482 2662 575 2742 ordo,
600 2666 638 2742 4,
663 2661 832 2741 secundus,
860 2666 900 2742 4,
924 2661 1049 2742 tertius,
1076 2666 1117 2747 2,
1145 2683 1220 2728 corr·

333 2778 488 2864 junctim,
515 2780 573 2858 10;

275 2894 317 2961 ΙΙ.
338 2893 398 2958 Pro
417 2887 598 2956 Pomeroni4
617 2889 772 2955 Anteriori
790 2890 893 2956 Novo:

336 3005 458 3070 Primos
484 3003 579 3082 ordo,
606 3004 648 3088 4,
672 3003 843 3090 secundus,
867 3008 904 3082 t,
926 3003 1052 3081 tertius,
1078 3006 1118 3081 2,
1138 3024 1220 3070 con·

331 3117 487 3203 junctim,
511 3120 567 3196 10;

258 3230 315 3295 ΙΠ.
336 3231 396 3295 Pro
413 3229 592 3295 Pomeranit
610 3229 787 3295 Posteriori:

334 3342 456 3406 Primus
477 3340 569 3420 ordo,
591 3346 652 3425 16,
673 3340 843 3425 secundus,
869 3345 908 3421 8,
931 3341 1056 3427 tertius,
1080 3345 1121 3425 4,
1142 3362 1220 3407 oon-

331 3455 484 3540 junotim,
508 3458 568 3538 283

336 3568 396 3632 Pro
417 3567 558 3632 universo
575 3563 635 3632 hoo
650 3566 826 3654 provincii,
848 3568 902 3634 te.

183 3748 186 3753 ,
290 3676 457 3746 Rhenorm
490 3679 683 3766 provinciae,
717 3679 751 3744 in
785 3679 899 3766 quibus
930 3700 1061 3767 magnus
1089 3677 1218 3744 ducatus

246 3790 348 3857 Rheni
376 3792 528 3858 inferioris
555 3803 650 3879 atque
678 3791 808 3858 ducatus
830 3792 989 3869 clivensis,
1024 3791 1217 3868 Gulioensis,

151 3906 163 3936 ⁵
245 3907 405 3972 Montanus
438 3906 471 3982 ¹,
506 3917 639 3993 quotuor
666 3904 759 3972 habet
790 3905 910 3972 ordines
941 3906 985 3970 oio
1015 3905 1215 3990 compositos:

281 4153 289 4186 ¹
307 4152 364 4201 Lex.
382 4151 411 4200 de
427 4150 502 4201 ntes.
521 4153 588 4201 Pror.
604 4154 618 4220 4
637 4153 658 4202 1.
