2738 4740
608 432 669 499 tat
777 444 792 461 “·

154 616 286 683 circulos
318 612 488 679 accuratius
517 611 659 700 deinceps
690 614 980 680 circumscribendos
1009 618 1115 684 distri-

152 727 220 795 buti
241 727 264 792 ¹.

196 840 233 906 ln
243 837 352 904 Pomil
367 836 480 923 singuli
489 834 596 904 circuli
608 834 963 924 (loudritliclteKroiseu²
975 860 1112 925 quorum

152 952 270 1019 acilium
282 950 360 1018 ratio
374 948 467 1038 louge
485 948 613 1017 differto
626 950 750 1016 circulis
764 950 911 1017 electoris
922 950 1112 1039 reliquarum

155 1061 406 1153 provinciarum),
424 1060 591 1130 secundum
609 1047 829 1130 ordinationem
848 1067 887 1131 15
904 1063 976 1133 llec.
994 1066 1111 1146 18302,

149 1179 183 1249 io
214 1177 309 1247 uiuos
340 1173 427 1242 dirisi
465 1184 536 1241 aunt
564 1172 733 1259 districtus,
772 1177 807 1242 in
836 1177 949 1265 quibua
983 1177 1114 1265 singulis

151 1291 335 1359 rusticorum
355 1284 548 1373 praediorum
576 1307 647 1355 cum
668 1286 741 1371 jure
767 1287 901 1376 eligendi
933 1309 1116 1374 possessores

148 1402 286 1491 singulos
302 1401 447 1467 electores
466 1398 659 1466 districtuum
679 1401 884 1484 constituunt,
907 1403 1032 1468 altarum
1051 1404 1116 1469 sui·

147 1516 313 1604 rugiorum
327 1511 470 1581 lationem
490 1509 649 1598 seligendis
670 1510 815 1598 delegatis
836 1515 1029 1600 conjunctim
1051 1515 1117 1581 ini-

149 1641 233 1698 turos
251 1626 277 1693 θ.
320 1624 398 1694 Cum
425 1643 497 1691 raro
524 1621 681 1707 praedialis
703 1624 893 1705 possessionis
922 1627 1050 1705 modas,
1080 1639 1118 1694 ut

144 1742 210 1827 jam
229 1734 461 1809 obomvimoa.
476 1732 577 1799 minor
599 1732 631 1796 in
651 1730 776 1815 hujusce
797 1734 912 1799 ordinis
926 1739 1118 1806 electoribus

147 1852 242 1940 quem
270 1847 304 1917 in
328 1845 434 1933 legatis
463 1863 646 1932 unaquaque
671 1842 703 1908 in
734 1844 888 1928 provincii
915 1851 1117 1934 requiratur,

147 1955 499 2034 ordintlithotltionti
517 1966 641 2025 ctutum
651 1966 705 2035 est,
715 1966 825 2021 uttttm
841 1958 946 2024 rustici
959 1983 1118 2046 agrorum

147 2096 328 2167 pensem
355 2071 548 2143 districtuum
572 2069 715 2139 olmtorea
742 2066 946 2149 nomineturi,
982 2084 1052 2142 tum
1081 2078 1119 2144 hi

145 2191 202 2280 inti
233 2188 351 2280 praedii
381 2183 485 2258 rurist
511 2181 646 2253 duminio
676 2192 774 2250 ment
798 2180 941 2249 instructi
957 2185 1118 2274 jugerum

145 2299 452 2393 llogdelturgmriun
478 2295 516 2364 ad
535 2295 696 2364 ωἰηίωιιω
720 2293 804 2365 ltu
820 2293 843 2359 ⁸.

586 2522 660 2606 Η,

334 2661 386 2727 De
408 2657 524 2725 ordine
545 2664 577 2719 at
599 2657 727 2718 ratione
749 2653 905 2740 eligendi.

185 2863 223 2931 Itt
252 2861 415 2949 provinciis
438 2854 705 2943 Bootenburgit,
728 2852 884 2933 Borussii,
907 2856 1112 2941 Pomcranii,

142 2973 271 3045 Samnii
298 2997 371 3043 oum
394 2984 427 3041 at
447 2972 521 3040 olim
540 2969 680 3059 viguisset
708 2977 741 3034 ot
760 2968 871 3052 partim
893 2988 1021 3056 quoque
1038 2995 1111 3059 per·

144 3095 229 3167 gerat
259 3097 346 3152 retus
375 3096 581 3152 conventuum
614 3078 807 3149 circularium
835 3080 1111 3166 (Kraisstindische

143 3192 430 3286 Versommlungcn)
461 3197 669 3265 habendorum
692 3215 771 3271 mos,
801 3192 839 3258 de
860 3193 943 3260 hoco
970 3208 1024 3261 aut
1046 3221 1111 3264 ser·

143 3305 248 3375 randis
278 3319 332 3375 aut
356 3309 558 3376 restaurandis
591 3318 645 3375 aut
669 3307 801 3392 denique
823 3306 856 3373 in
875 3307 911 3372 iis
931 3310 1106 3396 provinciis,

142 3412 195 3483 ttbi
214 3417 358 3484 celebrati
382 3443 445 3488 non
468 3422 612 3504 luissent,
638 3418 878 3498 introducendis,
901 3443 977 3487 noro
999 3434 1108 3490 autem

141 3522 248 3602 forms,
263 3541 413 3613 quantum
428 3531 640 3599 universorum
659 3533 800 3599 ordinum
815 3534 1017 3618 postulaturus
1027 3549 1107 3601 essct

73 3716 78 3723 ‚
141 3643 1104 3734 congressus‚afficicndis,insingularumdeOrdd.Pror.legum

135 3771 334 3791 Μ

178 3835 185 3866 ¹
201 3839 248 3886 Len
264 3843 293 3890 de
307 3845 353 3895 llis.
369 3867 403 3912 pr.
417 3851 431 3916 ᾗ
444 3850 494 3913 22,
511 3853 541 3901 do
560 3853 663 3918 westph.
678 3855 692 3920 d
707 3852 752 3903 22.

174 3925 184 3959 ¹
200 3930 302 3982 ordinat.
320 3939 440 3991 Poenicus.
462 3943 494 3993 15
510 3945 566 3994 llec.
581 3944 655 4010 18³0,
671 3950 719 3997 Art.
738 3948 792 3997 111.

172 4016 182 4047 ³
198 4019 245 4067 lan
260 4024 379 4078 Poenicae.
394 4032 409 4095 d
424 4032 466 4083 20.
