2738 4740
609 477 651 539 89

142 659 269 745 imperio
289 660 462 747 iunguntur
482 671 648 725 conventus
670 661 740 724 istos
763 672 793 725 ct
813 676 979 728 convocant
998 677 1028 729 et
1040 686 1105 729 mo·

142 774 294 839 derantur.

183 887 280 953 Urbes
290 888 392 975 regiae
403 885 593 971 conjunctim
604 885 750 973 singulari
763 885 1106 970 praeditaesuntsullra·

142 1000 202 1087 gio,
212 1000 325 1086 reliqui
338 998 458 1064 ordines
468 998 578 1084 singuli
589 998 746 1083 quaternis
758 1008 896 1062 utuntur.
919 999 1045 1064 Liberae
1055 1023 1107 1064 ur·

140 1111 193 1176 bes
203 1111 293 1176 certis
304 1111 373 1196 lege
382 1121 435 1174 aut
447 1109 669 1174 consuetudine
679 1109 737 1174 sibi
746 1109 895 1174 concessis
905 1110 1105 1174 immunitati-

140 1225 198 1289 bus
209 1225 364 1290 lruuntur.
381 1222 467 1286 Idem
478 1220 644 1287 dicendum
655 1222 694 1286 de
704 1224 831 1287 urbibus
839 1223 885 1299 iis,
898 1244 979 1310 quae
992 1222 1108 1286 fodinas

140 1336 324 1421 possideant.
352 1334 520 1397 Personalis
539 1335 721 1399 rusticorum
741 1336 868 1399 servitus
883 1335 1027 1421 abrogata
1046 1356 1109 1400 ma·

142 1456 205 1522 net,
223 1446 312 1529 cujus
329 1446 372 1510 rei
387 1454 495 1511 auctor
509 1446 620 1509 exstitit
631 1445 704 1508 olim
719 1467 864 1511 rossanus
883 1446 912 1511 ll
933 1446 1108 1531 imperator.

141 1559 283 1622 Servatur
298 1569 400 1622 tamen
426 1557 572 1650 obligatio
596 1557 745 1623 variorum
769 1559 938 1624 officiorum
959 1558 1109 1643 ejusmodi

142 1669 409 1755 praestandorum,
426 1670 539 1756 quihus
556 1671 712 1756 proprium
730 1693 842 1736 nomen
859 1672 898 1736 sit
912 1672 1108 1740 rodolarum.

183 1784 278 1868 Leges
295 1803 354 1846 uec
374 1803 435 1847 non
455 1783 599 1869 antiquae
618 1782 852 1847 consuetudines
872 1785 1013 1848 ordinum
1029 1785 1108 1850 deli-

139 1893 230 1957 niunt
242 1903 431 1977 potestatem.
455 1893 606 1958 Exstincto
619 1895 713 1979 stirpe
726 1895 896 1976 Austrinos,
919 1897 961 1960 ita
980 1896 1106 1962 demum

138 2006 176 2070 de
192 2026 313 2069 summo
323 2004 452 2090 imperio
470 2005 634 2070 dclereudo
651 2006 826 2071 consultare
839 2006 959 2072 ordiues
970 2022 1106 2093 possunt.

75 2125 78 2128 ’
181 2120 307 2184 Tributa
325 2129 473 2204 petuntur
487 2140 524 2182 eo
539 2118 641 2195 modo,
661 2129 696 2182 ut
716 2118 850 2194 ordines,
871 2120 995 2183 nomine
1009 2121 1106 2206 impe-

140 2231 243 2309 rantis,
259 2242 405 2317 rogentur
419 2231 459 2296 ab
473 2231 740 2295 administrationis
759 2230 911 2316 praeside,
935 2232 985 2296 cui
1002 2234 1107 2299 titulus

140 2355 185 2409 est
203 2346 305 2432 Magni
325 2345 484 2431 llurgrari.

182 2459 329 2545 Superius
339 2458 504 2545 collegium
520 2459 611 2523 rebus
621 2455 793 2524 Bohcmicis
808 2461 997 2544 praelectum
1012 2471 1107 2548 atque

87 2621 89 2624 -
138 2570 324 2638 Caucellaria
343 2571 480 2639 Viennae
495 2571 748 2651 institutausunt,
761 2573 866 2659 inqua
882 2575 959 2639 urbe
973 2583 1104 2640 extrema

139 2686 361 2751 consultatione
380 2684 522 2750 statuitur
538 2683 576 2748 de
594 2685 735 2749 omnibus
753 2686 832 2751 circa
844 2686 993 2770 justitiam
1014 2698 1107 2775 atque

138 2797 289 2862 internam
300 2797 591 2863 administrationem
603 2799 839 2884 quaestionibus.
867 2801 996 2886 Reliqua
1008 2801 1107 2865 tribu·

139 2909 230 2991 nulia,
252 2921 318 2973 tum
336 2911 465 2998 collegia
485 2909 530 2974 rei
555 2910 749 2995 pecuniariae
769 2910 972 2975 moderandae
992 2914 1108 2999 Pragae

139 3022 287 3086 collocata
303 3033 384 3086 sunt.

184 3134 289 3216 Quiris
327 3134 477 3213 circulus,
507 3137 631 3222 quaeris
659 3136 749 3213 urbs,
773 3136 872 3222 quiris
898 3159 971 3223 ager
995 3136 1108 3202 feudali

139 3248 229 3312 titulo
246 3269 397 3332 possessus
415 3270 467 3314 sua
488 3247 601 3314 habent
621 3248 793 3314 tribunalia.

183 3359 339 3442 Quaedam
358 3382 393 3425 er
418 3362 587 3447 praecipuis
608 3363 714 3428 officiis
734 3362 772 3426 ad
798 3372 896 3426 certas
915 3372 1021 3448 gentes
1036 3363 1109 3446 jure

138 3472 339 3539 haereditario
356 3474 523 3559 pertinent:
548 3475 623 3553 alia,
649 3497 721 3540 cum
741 3497 802 3540 non
821 3475 881 3538 sint
896 3475 1108 3552 haereditaria,

138 3585 296 3672 inquilinis
319 3596 438 3651 tantum
463 3588 613 3651 committi
633 3587 756 3653 debent.

181 3698 318 3764 Similem
335 3697 514 3764 Bohcmicac
536 3701 785 3766 constitutionem
807 3698 899 3765 habet
916 3701 1061 3767 ll'loraria.

591 3882 661 3964 aa.

193 4014 244 4080 Be
266 4015 403 4082 Galz'oia
422 4022 453 4079 el
466 4013 676 4091 Lodomeria,
693 4014 850 4100 aaly'uncla
864 4014 1061 4083 Butowina.

185 4151 353 4235 Imperator
374 4173 557 4218 rrauorscus
585 4153 615 4228 l,
638 4150 667 4218 d.
701 4157 739 4220 13
762 4176 802 4221 m.
824 4155 936 4243 Aprilis
955 4180 983 4226 a.
1008 4160 1105 4227 1817.
