2738 4740
676 420 711 479 ll

211 594 300 672 tiam,
321 610 461 663 monetae
491 598 650 664 cudendae
677 602 854 667 facultatem
880 603 1024 690 deinceps
1038 605 1075 670 iis
1095 607 1183 671 attri-

209 709 309 774 buisse
332 713 354 777 ¹.

250 823 354 904 Quam
379 848 451 891 vero
476 837 591 891 temere
624 838 655 891 ct
686 829 804 915 absque
834 829 899 892 ullo
924 842 1064 917 respectu
1087 831 1183 896 futuri

207 937 250 1000 sic
271 936 335 1001 lere
350 938 480 1023 polliciti
503 941 655 1024 principes
675 941 817 1017 fuissent,
837 963 906 1005 mox
927 944 1112 1031 plerumque
1128 968 1184 1031 ap·

205 1050 325 1133 paruit,
344 1073 460 1139 quum,
493 1063 527 1116 ut
549 1052 582 1116 in
612 1074 648 1116 eo
681 1053 764 1139 quod
792 1056 1027 1122 memoravimus
1061 1059 1182 1124 lluonm

205 1163 349 1229 Bavariae
374 1166 531 1250 exemplo,
554 1165 675 1230 rediens
707 1166 808 1251 inopia
837 1166 973 1250 ejusdcm
999 1169 1182 1254 implorandi

207 1276 334 1340 remedii
359 1279 569 1342 necessitatem
597 1277 787 1364 principibus
812 1279 983 1364 imponeret
1009 1281 1106 1368 inquo
1135 1303 1183 1346 or·

206 1389 316 1453 dinum
349 1391 453 1455 lavore
485 1401 578 1476 atquc
609 1391 803 1478 indulgenti&
846 1415 939 1457 unam
980 1395 1016 1457 iis
1049 1394 1182 1481 relinqui

206 1502 319 1567 sineret
339 1527 356 1568 e
383 1504 473 1568 tantis
496 1504 725 1570 difficultatibus
758 1505 889 1572 feliciter
914 1528 978 1571 sese
1001 1505 1182 1592 expediendi

206 1637 302 1700 spem.
340 1617 410 1697 Qud
431 1616 555 1702 quidem
580 1617 613 1682 in
635 1639 669 1680 re
686 1618 853 1682 noluerunt
875 1618 940 1681 lere
960 1616 1081 1681 ordines
1102 1617 1184 1682 aori-

205 1741 252 1794 ter
276 1729 494 1814 imperantibus
523 1730 733 1817 tergiversari,
754 1751 993 1815 concessamque
1014 1730 1070 1794 sibi
1093 1731 1182 1794 rasis·

204 1842 286 1908 teudi
316 1842 530 1909 auctoritatem
559 1842 726 1921 adhibere,
752 1855 836 1919 tum,
866 1842 951 1930 quod
980 1842 1037 1929 ipsi
1067 1843 1181 1924 etiam,

201 1955 319 2020 afflictis
339 1957 430 2022 rebus
453 1957 538 2022 nullis
557 1979 646 2042 posse
672 1956 730 2022 alit
760 1957 877 2021 ratione
909 1955 1080 2034 subreniri,
1108 1977 1180 2041 per·

200 2090 323 2134 suasum
344 2070 400 2134 sibi
425 2069 595 2148 habebant,
619 2083 687 2134 tum
710 2071 843 2135 maxime
866 2069 1089 2145 existimantes,
1117 2091 1180 2134 non

201 2203 280 2260 esse,
309 2194 345 2247 ut
372 2184 500 2270 propriis
531 2184 697 2250 commodis
729 2183 840 2248 melius
862 2205 917 2268 per
938 2205 970 2247 se
997 2183 1180 2248 consulere-

202 2305 252 2359 tur
283 2318 378 2383 quam
417 2298 442 2361 si
473 2308 628 2383 quotquot
663 2297 781 2362 oblatnc
816 2295 873 2359 sibi
905 2295 1032 2360 luissent
1058 2295 1178 2380 jurium

199 2432 324 2474 suorum
346 2409 626 2476 confirmandorum
655 2408 1007 2496 amplificandorumque
1033 2418 1180 2494 opportu-

200 2525 329 2602 nitates,
360 2524 523 2611 diligenter
549 2526 746 2611 arripuissent
768 2549 820 2602 ao,
861 2536 1013 2610 quantum
1047 2523 1180 2588 maxime

198 2636 472 2715 liceret,utilitatis
490 2637 562 2703 inde
570 2638 728 2725 percipere
739 2636 907 2702 studerent.
939 2635 1066 2702 Accedit
1094 2633 1178 2722 quod

199 2750 229 2812 in
268 2750 484 2838 morigerando
516 2752 692 2836 principum
725 2749 874 2815 voluntati
907 2760 992 2814 tanto
1025 2749 1178 2814 faciliores

200 2884 250 2925 eos
270 2885 333 2928 sese
350 2875 503 2949 praestare
520 2886 642 2930 necesse
656 2876 738 2946 erat,
752 2874 868 2951 quanto
889 2864 985 2949 magis
998 2884 1033 2926 ex
1050 2862 1176 2926 illorum

202 2986 372 3062 temporum
381 2989 499 3042 constat
507 2978 647 3053 hinnul,
659 2989 829 3043 extremum
842 2975 1032 3050 remedium,
1045 2975 1068 3037 si
1088 2996 1175 3059 opem

199 3088 279 3153 ferre
307 3090 428 3156 ordines
450 3090 698 3178 denegarisscut,
725 3100 880 3155 certorum
916 3097 1070 3151 tractuum
1103 3086 1177 3151 alio·

201 3202 324 3268 natione
342 3203 498 3286 faciendi,
525 3203 679 3290 reliquum
710 3201 900 3287 principibus
923 3199 1034 3263 luisse:
1053 3198 1177 3283 juribus

199 3337 271 3379 vero
302 3337 338 3380 ac
368 3317 558 3402 prosperitati
587 3317 702 3382 civium
723 3314 929 3378 infestissimas
948 3312 1012 3376 lere
1033 3310 1177 3397 hujusce-

197 3427 281 3492 modi
303 3428 450 3493 cessiones
468 3428 623 3506 exstitisse,
639 3451 656 3492 a
674 3427 786 3514 quibus
805 3426 902 3513 igitur
923 3436 957 3489 ut
972 3424 1106 3489 studiose
1125 3448 1175 3491 oa·

185 3586 191 3594 n
205 3587 255 3593 ...n⁴
270 3586 349 3591 Μ»...
366 3584 401 3591 „—

230 3647 391 3711 Humum,
408 3649 426 3696 l.
444 3649 463 3697 1.
480 3657 530 3697 not.
548 3663 577 3703 ος
604 3651 749 3707 annuus,
775 3645 793 3693 l.
811 3645 830 3693 l.
847 3663 872 3708 p.
902 3642 954 3694 656
981 3662 1018 3708 sq.
1044 3646 1173 3697 Observata

195 3758 291 3804 quoqne
323 3742 458 3803 dignissima
487 3748 543 3788 sunt
576 3755 637 3801 qnae
671 3739 733 3786 inter
760 3751 883 3799 monn,
913 3738 1035 3787 lulerioris
1062 3741 1175 3789 Barariae

197 3838 282 3883 llueem
293 3846 363 3898 atque
372 3835 440 3882 illins
454 3833 556 3894 regionis
565 3832 680 3892 Ordines,
696 3847 758 3879 anno
776 3828 852 3891 1311,
869 3840 935 3893 gesto
950 3843 1173 3882 commemorantur:

197 3946 272 3991 neque
291 3946 338 3977 noa
351 3928 433 3976 allatis
445 3926 558 3988 exemplis
579 3942 606 3972 aa
621 3926 735 3987 posumus
748 3923 860 3986 adjicere,
879 3940 940 3986 quus
950 3926 1175 3975 exrabnsldimien·

196 4024 277 4083 sibun,
294 4022 459 4084 Thuringiois,
486 4019 622 4078 saxonicis,
641 4019 710 4065 annis
727 4016 860 4080 praesertim
888 4015 970 4079 1308,
991 4017 1073 4081 1350,
1094 4017 1173 4080 1376,

199 4112 275 4175 1385,
286 4114 363 4176 llll,
375 4110 451 4175 1123,
464 4121 568 4176 repetere
581 4112 659 4159 lioeat.
679 4110 729 4158 tit.
740 4110 981 4172 usitatissimam,
991 4129 1014 4174 p.
1024 4109 1169 4161 657-661.
