2738 4740
672 433 713 495 53

197 615 359 681 Francicue
389 614 528 700 potestati
565 615 791 678 incrementum
829 612 987 678 occesserit
1007 613 1035 689 ¹,
1068 633 1165 698 quom

197 741 227 794 et
247 726 419 812 adjacentes
439 749 513 815 agro
538 728 683 792 Baraneo
707 727 845 813 regiones
865 747 936 790 cum
959 725 1053 791 hacce
1072 747 1166 810 eopu-

196 841 276 905 latae
295 839 411 904 luerint
433 839 578 905 civitato²
600 839 680 904 etin
704 837 929 904 Varsoriensem
955 849 985 902 et
1005 837 1164 903 llussicam

196 952 271 1019 adeo
293 952 442 1016 ditionem
462 975 530 1037 pars
551 951 696 1016 Poloniae
716 949 911 1026 Austriacae,
936 949 969 1013 in
987 949 1166 1014 Saxonicum

195 1077 299 1131 autem
322 1065 504 1130 Bohemioae
531 1077 630 1129 terrae
649 1066 769 1150 aliquot
789 1064 957 1149 particulae
978 1061 1168 1135 transierint,

196 1192 227 1244 et
256 1180 391 1266 denique
413 1178 452 1244 ud
473 1178 683 1244 Hadriaticum
704 1200 788 1243 mare
811 1177 859 1241 siti
889 1186 1002 1242 tractus
1019 1174 1169 1240 Austriacl

197 1292 229 1354 in
249 1291 451 1376 Illyricorum,
463 1291 609 1355 Francico
625 1292 754 1376 irnperio
774 1290 980 1374 subjectarum
999 1287 1169 1373 provincia·

199 1424 269 1467 rum
295 1405 424 1468 lormarn
449 1404 562 1468 luerint
583 1404 698 1469 redacti
718 1405 741 1470 ³.
787 1405 835 1469 Ab
861 1427 898 1469 eo
920 1403 993 1468 inde
1015 1415 1169 1487 tempore,

199 1514 342 1579 omnibus
362 1515 488 1580 devictis
510 1514 704 1591 adversariis,
728 1517 813 1580 noris
836 1515 1008 1582 lectitandis
1027 1513 1172 1578 mutatio-

199 1628 290 1691 nibus
329 1626 409 1691 ha'ud
450 1629 569 1693 minore
603 1650 695 1715 quam
737 1642 824 1694 antea
870 1628 971 1693 studio
1010 1626 1171 1691 indulsisse

198 1741 442 1826 Germaniaeque
472 1741 620 1826 populos,
646 1741 743 1807 socios
776 1742 841 1827 ipse
873 1763 943 1806 suos
967 1739 1170 1806 lubidinosiua

198 1853 289 1918 etiarn
317 1862 459 1918 tractasse
489 1851 637 1917 dicendus
667 1865 712 1917 est
741 1875 903 1919 erroneos
926 1854 960 1932 ⁴,
995 1853 1170 1941 provinciae

196 1965 252 2043 illi,
280 1966 331 2030 oui
350 1964 637 2032 archicancellarius
664 1978 826 2051 praeesset,
848 1969 1014 2033 llanaricas
1029 1966 1170 2031 Fulden·

197 2099 305 2164 sosque
326 2089 420 2143 terras
444 2101 515 2143 eum
533 2078 565 2142 in
585 2080 713 2144 modum
730 2080 913 2145 adsociando
931 2091 966 2144 ut
987 2081 1170 2144 Francol'ur·

197 2193 291 2257 tensis
321 2192 393 2259 inde
425 2215 555 2280 magnus
589 2193 718 2258 ducatus
752 2194 926 2267 exsisteret,
955 2195 1168 2278 imperantem,

198 2315 267 2390 post
293 2305 465 2390 principem
488 2307 667 2390 primatem,
692 2303 852 2370 habiturus
874 2305 1049 2392 privignum
1077 2303 1171 2390 ipsius

198 2438 360 2481 noeenrour
388 2439 674 2496 paracoemomenum
705 2440 761 2503 pro
790 2417 848 2484 hae
871 2430 976 2484 autem
1006 2418 1171 2483 donatione

199 2528 359 2594 commoda
375 2530 525 2614 quaedam
540 2530 725 2616 pecuniaria,
737 2531 850 2617 quibus
865 2533 995 2596 universi
1009 2532 1171 2617 hucusque

199 2642 291 2707 lrueti
308 2641 380 2706 socii
403 2641 543 2720 fuerant,
565 2643 603 2706 ad
627 2665 719 2707 unam
742 2644 899 2710 Franciam
921 2645 1130 2732 restringendo
1145 2644 1169 2722 ⁵3

199 2755 352 2819 llanoriae
380 2753 600 2840 quodcumque
624 2756 780 2842 reliquum
811 2767 891 2832 orat,
921 2755 980 2821 hoc
1007 2778 1170 2843 propemo-

200 2866 274 2932 dum
293 2889 384 2932 omne
394 2867 606 2953 Westphalico
627 2891 645 2934 a
666 2890 698 2933 se
717 2879 820 2934 creato
845 2870 910 2955 regi
928 2869 1125 2938 concedendo
1142 2869 1171 2948 8;

236 3104 244 3136 ¹
263 3106 323 3154 Pace
340 3105 475 3166 Viennensi,
490 3106 549 3154 inita
568 3106 592 3154 d.
611 3105 643 3154 ll
661 3124 691 3155 nr.
710 3109 759 3157 Oct.
778 3123 799 3153 r.
820 3104 896 3154 1809.
917 3105 942 3154 l.
959 3117 1072 3167 luunt,
1097 3122 1136 3167 op.
1154 3107 1172 3154 l.

201 3200 228 3247 T.
245 3199 273 3260 Υ,
291 3216 315 3261 p.
332 3196 391 3247 210.

235 3291 246 3324 ²
263 3293 381 3341 llestituta
406 3292 503 3355 proinde
531 3293 658 3341 Burarioae
675 3293 761 3341 ditioni
778 3292 825 3339 luit
840 3292 945 3355 Tmolia,
967 3306 1028 3352 qnae
1045 3290 1173 3339 deficiendo

200 3386 340 3449 fortiterque
357 3385 483 3450 pugnando
500 3387 585 3434 auroris
601 3387 638 3435 sni
656 3385 758 3449 fideique
776 3402 829 3449 erga
846 3385 962 3449 principes
978 3384 1114 3432 laustrireor
1131 3400 1173 3433 ex·
1255 3424 1258 3432 .

200 3479 279 3527 iminrn
294 3479 458 3528 documentum
476 3479 590 3528 ediderat.
613 3481 686 3528 Novia
703 3489 779 3527 autern
792 3479 837 3527 sthi
850 3477 967 3542 adjunctis
978 3479 1082 3540 partibor
1093 3477 1172 3527 eudem

200 3572 285 3622 ciritae
300 3574 441 3636 amplificate
459 3574 506 3623 luit
515 3573 661 3636 Selrbnrgil,
669 3574 805 3636 regionibus
823 3571 1173 3634 Berolrtoldrgadensi,lnnensi

200 3682 228 3714 ao
244 3667 420 3716 flauernekensi
444 3666 550 3728 dimidiu,
576 3666 679 3729 denique
702 3666 845 3730 lleyrentlril
870 3677 894 3715 et
913 3667 1045 3729 principatu
1063 3666 1174 3729 llrtiqbo·

200 3760 276 3810 nenti.
295 3761 321 3812 V.
339 3773 461 3820 written,
480 3778 518 3823 op.
537 3761 555 3808 l.
573 3761 599 3810 V.
618 3761 679 3821 altr,
697 3780 721 3826 p.
739 3759 800 3821 157,
818 3760 844 3808 V.
862 3759 936 3823 Xlll,
953 3779 976 3826 p.
996 3759 1037 3809 71.

236 3853 246 3883 ³
264 3855 393 3915 Erannonn,
409 3853 470 3913 ibid,
485 3871 509 3917 p.
526 3852 587 3903 679.

233 3943 244 3975 ⁸
262 3946 389 4006 Ειαωιοιι,
406 3945 465 4008 ibid,
483 3965 506 4011 p.
524 3942 584 4007 679,
603 3942 667 4001 68ος
686 3948 790 4005 tonsu,
808 3945 833 3993 0.
844 3944 906 3993 nt.
917 3944 943 3992 Τ.
955 3944 982 3993 n.
999 3943 1035 4009 §l
1049 3940 1081 3992 32
1098 3954 1122 3992 et
1130 3943 1172 3993 33,

235 4035 245 4066 ¹
263 4037 597 4100 ttrr10n‚0p.t.t.xtt‚p.
608 4035 668 4098 too,
678 4053 730 4100 sqq.
745 4049 902 4099 susurrores,
915 4034 1062 4097 tuetonicis,
1075 4055 1098 4100 p.
1110 4035 1170 4085 103.

237 4128 391 4190 lernaeae,
408 4128 467 4191 ibid,
485 4148 507 4196 p.
527 4126 585 4177 680.
