2738 4740
654 418 717 478 234

201 598 302 682 Atque
324 606 389 659 tum
410 595 541 681 regionis
559 598 705 661 contracti
724 596 799 661 finos
820 608 884 660 turn
904 596 1015 662 eodem
1035 609 1173 686 ternpore

202 709 280 796 regis
298 706 337 774 ad
355 707 461 773 foedus
483 708 704 774 Germanicum
719 707 860 774 admissio
878 709 1028 775 ranarum
1048 711 1083 773 in
1098 712 1174 794 jure

200 820 327 908 publico
339 821 489 887 Saronico
502 821 829 909 administrationisque
841 821 902 885 ritu
913 821 1171 888 instituendarum

200 936 403 1000 mutationum
428 956 536 1000 causae
566 935 742 999 exstiterunt
760 935 793 1016 ¹3
820 955 956 1020 quarum
974 933 1047 1000 baec
1065 936 1172 1020 primo

201 1050 270 1114 loeo
287 1047 483 1113 memoranda
499 1046 592 1126 venit,
608 1046 701 1133 quod,
713 1045 812 1110 edicto
831 1044 863 1111 d.
880 1050 924 1113 20
940 1046 1011 1116 Oet.
1025 1068 1051 1113 a.
1069 1052 1167 1124 1817,

201 1162 233 1225 in
246 1160 416 1247 Superioris
434 1160 578 1225 busaciae
601 1159 826 1245 amborumque
845 1159 1077 1245 episcopatuum
1094 1160 1170 1224 reli-

201 1273 281 1361 quiis
300 1274 461 1360 separatim
485 1272 630 1360 congredi
654 1271 774 1337 ordines
795 1271 952 1337 desierunt
970 1295 1008 1338 ac
1030 1271 1172 1338 baeredi-

202 1388 347 1453 unarum
364 1397 514 1452 terrarum
535 1385 664 1452 comitiis
683 1384 825 1450 adsociati
848 1385 976 1449 fuerunt
992 1384 1017 1450 ².
1052 1386 1170 1468 Quam·

202 1520 296 1586 quam
320 1501 354 1564 in
381 1498 507 1565 Luaacii
528 1498 655 1587 quidem
684 1497 828 1585 antiquae
858 1497 1009 1563 celebrari
1034 1497 1172 1574 diaehe,

201 1611 433 1699 provincialium
453 1613 547 1677 instar
565 1620 781 1688 conventuum,
799 1609 1036 1694 porrexeruntt.
1056 1610 1174 1676 Deinde

132 1728 133 1732 ’
201 1746 282 1801 vero,
306 1734 377 1788 utut
398 1725 493 1789 Actus
512 1723 786 1788 Couioederatiouis
803 1723 870 1787 Art.
892 1724 948 1787 13⁰
970 1722 1126 1788 Ordinum
1141 1724 1173 1789 in

201 1837 329 1924 singulis
348 1835 531 1901 Germaniae
549 1835 719 1901 cintatibus
728 1835 869 1921 usurpari
879 1836 1046 1901 conciones
1051 1836 1173 1922 jubenti

202 1949 258 2016 rite
278 1949 447 2016 satisfacere
462 1928 609 2013 Saxoniao
627 1948 833 2014 moderatores
852 1949 911 2014 sihi
932 1949 1116 2027 riderentur,
1133 1953 1170 2025 ai,

201 2062 284 2151 quod
313 2062 352 2128 ad
376 2062 519 2128 ordinum
544 2062 798 2148 descriptionem,
823 2063 894 2146 jura
922 2062 1171 2151 deliberandique

202 2175 471 2256 consuetudinem,
507 2177 634 2242 traditae
675 2198 692 2241 a
724 2177 891 2261 majoribus
920 2177 1042 2243 rationis
1069 2178 1170 2263 capita

201 2289 363 2374 praecipua
382 2289 547 2354 retinerent
564 2290 595 2353 ⁴:
619 2288 768 2375 quaedam
790 2299 894 2354 autem
911 2291 952 2356 ab
971 2291 1031 2356 illis
1051 2302 1172 2378 rogatae

200 2402 301 2487 leges,
314 2401 427 2486 quihus
443 2401 483 2466 ad
501 2402 648 2485 majorem
669 2402 895 2487 simplicitatem
914 2404 1111 2470 comitiorum
1124 2427 1173 2470 re·

201 2511 274 2577 duci
292 2511 457 2577 celebratio
476 2511 611 2589 deberet,
633 2514 847 2599 comprobatae
866 2516 907 2580 ab
926 2516 1088 2581 ordinibus
1110 2539 1173 2582 nou

200 2626 327 2690 imment
340 2623 363 2704 ⁵;
389 2624 537 2707 ejusmodi
557 2636 658 2690 tamen
678 2626 945 2727 amplificationem
958 2629 1172 2716 tulingiorum

199 2804 341 2852 milliaribus
363 2803 484 2866 quadratis
505 2801 571 2865 367}
589 2804 768 2860 aestimabatur;
794 2804 886 2852 ineolaa
903 2804 995 2853 eaedem
1011 2805 1169 2852 continebant

200 2896 322 2959 864,101.
348 2897 412 2962 Quae
429 2896 557 2946 Saxonicae
573 2896 669 2944 ditionis
680 2896 841 2957 remanebant,
851 2898 964 2946 milliaria
974 2897 1095 2961 complecti
1105 2895 1170 2959 271,

199 2991 286 3041 incolia
302 2999 380 3039 antem
397 2989 542 3052 frequentui
560 2988 584 3048 l,
603 2987 662 3051 182,
680 2988 730 3038 744
748 2990 913 3038 cernebantur,

235 3081 243 3114 ¹
262 3082 359 3130 blotarit
376 3098 415 3129 eaa
432 3086 521 3140 ιδιιπ,
539 3098 577 3142 op.
595 3079 613 3128 l.
631 3080 658 3128 V.
675 3079 710 3141 ll,
726 3097 750 3142 p.
769 3078 829 3137 235;
844 3087 932 3142 aduno,
944 3099 983 3144 op.
994 3082 1014 3130 l.
1026 3100 1050 3144 p.
1062 3081 1124 3144 tto,
1136 3099 1172 3145 aq.

233 3171 245 3204 ¹
262 3173 411 3233 llrnuauaaa,
429 3173 443 3239 §
459 3169 502 3234 22,
519 3190 543 3235 p.
561 3170 593 3220 71
611 3180 635 3218 et
651 3180 702 3220 not.
720 3188 745 3228 c;
766 3176 855 3234 niatnu,
867 3172 1019 3236 leriaaaung,
1031 3175 1046 3240 §
1058 3172 1085 3235 7,
1094 3192 1119 3236 p.
1132 3172 1171 3227 16;

201 3271 325 3327 ntunat,
350 3265 427 3313 Lrat-
448 3283 474 3313 u.
497 3263 749 3326 buaacbuaatagaordn.
767 3282 790 3327 p.
808 3263 833 3325 3,
851 3274 903 3313 not.
922 3264 947 3328 1,
964 3284 988 3328 p.
1007 3265 1052 3327 lt,
1069 3276 1122 3314 not.
1139 3265 1172 3324 2,

201 3377 224 3421 p.
242 3356 285 3421 25,
304 3357 347 3421 30,
367 3357 425 3421 146,
444 3356 502 3407 ltt.
537 3359 564 3406 ln
582 3359 686 3420 equeatri
700 3358 794 3422 ordine,
809 3360 946 3421 pauciorum
964 3361 1108 3410 relectorum
1124 3363 1172 3410 col-

199 3453 287 3516 legium
304 3452 373 3500 weiia
389 3466 403 3498 e
420 3450 575 3498 circularibua
592 3450 726 3513 regionibus
743 3451 828 3514 viginti
844 3453 960 3516 quinque,
974 3469 988 3502 e
1004 3453 1170 3518 LuaaeitSup.

201 3544 309 3594 undatim
324 3552 432 3593 conante
448 3543 533 3605 coepit,
552 3542 607 3590 dom
625 3542 782 3604 frequentiori
792 3544 893 3607 collegio
905 3561 934 3593 ex
944 3545 997 3594 illia
1006 3547 1172 3611 qnadraginta.

201 3655 230 3686 ex
253 3637 298 3685 bac
321 3635 497 3699 quatuordecim
519 3635 741 3685 annumerabuntur.
775 3636 890 3686 Similiter
908 3638 1056 3689 urbanorum
1073 3641 1172 3703 collegia

127 3787 129 3791 ,
201 3732 322 3796 oppidania
339 3748 352 3779 e
371 3730 468 3780 Leaacit
485 3728 620 3778 taminiam
638 3739 706 3777 ancta
723 3729 828 3779 luerunt.

235 3823 411 3886 turanum,
428 3824 442 3890 §
458 3819 501 3886 22,
519 3831 570 3870 not.
587 3837 617 3878 ος
637 3827 754 3882 neuun,
771 3838 810 3884 op.
828 3839 848 3871 o.
867 3840 889 3884 p.
910 3820 1065 3884 lat-1593
1085 3832 1174 3889 ainau,

202 3918 301 3966 tettan.
319 3918 333 3982 p
350 3915 392 3978 25,
410 3935 433 3978 p,
453 3912 595 3963 118-120.

236 4011 247 4044 ⁴
261 4013 409 4071 idamaeam,
427 4009 441 4075 ᾗ
458 4006 501 4072 22,
519 4026 541 4070 p.
555 4006 588 4057 71
599 4017 623 4055 et
633 4017 682 4057 aot.
694 4008 724 4064 b;
744 4012 834 4066 romaz,
847 4025 884 4069 op.
897 4005 914 4053 l.
927 4008 952 4054 v.
966 4008 1000 4070 tt,
1012 4027 1037 4071 p.
1047 4008 1113 4074 358,
1122 4031 1174 4076 aqq.

237 4103 308 4164 ι111,
326 4103 479 4152 celebrandae
496 4119 559 4149 anno
578 4100 643 4149 1817
661 4101 750 4149 diaetae
768 4100 951 4164 opportunitate,
969 4117 1011 4149 rer
1030 4104 1062 4151 ad
1081 4107 1177 4156 ordinae
