2738 4740
650 473 711 537 195

197 660 382 746 druplicium
410 657 522 726 civium
553 658 634 721 inter
674 657 901 723 universitatem
933 643 963 724 et
994 659 1164 749 seligendus

197 771 397 839 mandaturios
410 771 602 856 interjacere.
632 770 928 856 Numqueprimum,
946 773 1161 839 communibus

196 886 389 973 municipum
411 882 561 970 suffragiis
580 893 633 948 aut
657 897 802 970 agrorum
825 881 961 947 dominio
984 895 1037 950 aut
1054 886 1166 974 opificii

196 999 375 1064 tractatione
405 993 658 1081 conspicatorum,
685 1015 818 1081 paucos,
846 993 871 1058 ti
898 992 1022 1059 illorum
1051 1006 1166 1083 spectes

196 1130 381 1186 numerum,
395 1107 527 1172 urbanos
544 1105 686 1172 constitui
708 1107 853 1172 electores
875 1117 1036 1193 oportere3
1057 1106 1168 1175 deinde

198 1221 245 1286 bis
277 1230 511 1308 procuratorum
544 1234 563 1284 e
594 1218 843 1306 locupletioribus
876 1218 946 1285 viris
984 1220 1169 1287 creationem

199 1342 390 1418 competere,
417 1353 474 1418 per
494 1332 704 1415 novennium,
732 1340 800 1397 tum
822 1332 855 1397 in
883 1331 950 1399 allis
972 1331 1062 1398 'udde
1086 1332 1170 1421 grarl

198 1465 328 1509 munere
355 1443 551 1531 iungentium
573 1454 640 1509 tum
672 1444 788 1532 legatos
805 1444 1044 1511 inconventum
1067 1443 1170 1530 publi·

200 1574 273 1621 cum
305 1555 419 1621 eirinm
443 1556 509 1621 rice
536 1555 777 1636 nominantium,
800 1557 859 1623 boc
889 1564 991 1623 tumen
1017 1558 1052 1623 in
1072 1556 1171 1624 officio

200 1667 295 1733 socios
309 1666 369 1733 sibi
385 1667 544 1753 adjunctos
564 1667 745 1734 habentium
762 1669 861 1734 tertiis
877 1692 895 1735 a
915 1688 980 1735 sese
999 1668 1171 1758 designatos

200 1782 331 1848 comitiis
351 1803 411 1847 nec
428 1802 501 1847 suue
519 1781 611 1867 plane
627 1793 761 1846 exemtos
774 1782 948 1848 auctoritati
967 1783 1171 1870 magistratus,

199 1894 310 1980 partim
331 1893 499 1971 consultos,
530 1891 706 1987 exercitatos
734 1894 906 1981 opibusque
929 1894 1000 1960 satis
1023 1894 1173 1980 pollentes

200 2008 287 2086 viros,
303 2008 414 2093 partim
435 2005 592 2091 eplebcjo
604 2004 713 2070 ordine
730 2005 895 2089 desumtos,
905 2007 1057 2071 bonorum
1068 2018 1172 2072 tamen

198 2118 280 2185 baud
305 2118 437 2185 tenuiori
464 2138 557 2203 Qum
586 2118 666 2203 ipsos
686 2127 898 2201 procuratores
922 2127 1040 2182 utentes
1066 2118 1171 2184 condi-

199 2233 292 2298 tione.
334 2230 475 2295 Traditae
494 2251 566 2293 rero
586 2228 717 2292 similem
740 2229 888 2293 rationem
910 2230 1037 2294 caeteris
1062 2231 1094 2293 in
1117 2250 1172 2316 op·
1201 2280 1204 2289 .

199 2343 279 2428 pidis
302 2341 435 2418 institui,
458 2340 516 2403 nisi
539 2338 622 2425 quod
643 2339 793 2425 cujusque
813 2359 921 2404 eorum
946 2338 1173 2427 magistratibus

200 2453 511 2539 procuratoribusque
550 2451 677 2517 lacnltas
714 2452 925 2518 unrummodo
961 2453 1079 2518 indulta
1114 2452 1174 2518 luit

201 2567 342 2652 probatos
356 2566 448 2645 cives,
466 2587 503 2631 eo
524 2585 558 2629 ex
578 2560 695 2642 ordine,
713 2564 797 2630 unde
815 2566 909 2654 legati
934 2567 1014 2631 sumi
1031 2566 1173 2642 debeant,

200 2677 398 2761 secernendi,
432 2679 465 2742 in
497 2696 630 2764 quorum
658 2677 776 2743 scilieet
805 2677 945 2743 universo
972 2701 1008 2744 ex
1030 2678 1173 2743 districtu

200 2810 432 2879 congressorum
469 2811 599 2855 numero
639 2788 686 2853 illi
719 2789 812 2854 etiam
844 2788 1015 2854 habeantur
1050 2809 1174 2853 neeesse

200 2914 263 2982 est,
296 2905 351 2989 qui
381 2903 598 2968 communibus
619 2903 756 2986 ipsorum
774 2899 866 2977 votis,
896 2900 1005 2964 ultima
1033 2897 1173 2962 nomina·

158 3050 163 3063 ·
202 3017 299 3092 tione,
322 3015 504 3100 oppidorum
525 3015 583 3080 sint
602 3012 785 3080 mandatarii
804 3010 1010 3078 renuntiandi.

652 3196 725 3280 §n

266 3327 318 3392 Do
331 3347 489 3416 agrorum
501 3349 731 3417 possessorum
747 3325 988 3417 patrimom'cli
999 3320 1112 3406 juris·

342 3440 485 3506 dictione
509 3445 689 3506 carentium
713 3439 875 3530 eligendis
891 3439 1026 3528 legatia.

244 3579 388 3665 Superest
409 3590 444 3643 ut
467 3577 623 3644 rideamus
653 3578 693 3643 dc
717 3576 806 3655 ritu,
826 3595 892 3663 quo
918 3565 1177 3639 communionum

200 3693 233 3756 in
253 3691 380 3758 Bararid
399 3691 547 3758 ruralium
569 3691 687 3757 incolae
705 3710 831 3755 suornm
849 3689 883 3752 in
905 3696 1031 3753 coetum
1045 3678 1177 3743 alterum

199 3806 372 3892 legatomm
407 3824 552 3892 peragere
584 3802 824 3892 designationem
855 3801 1022 3886 jubentur.
1081 3788 1179 3854 Sicuti

201 3938 272 3982 vero
292 3918 423 3991 urbanas
444 3916 608 3983 electiones
626 3915 857 3991 adumbraturi,
877 3914 916 3979 de
937 3906 1067 3976 urbium
1087 3910 1178 3979 stetu,

202 4028 364 4115 classibus,
386 4029 485 4095 lormd
506 4022 678 4117 regiminis,
699 4029 936 4114 magistratuum
953 4024 988 4088 in
1010 4019 1049 4084 iis
1070 4023 1180 4080 sucto-

205 4137 291 4207 ritate
315 4140 542 4226 praemonenda
565 4140 716 4226 quaedam
745 4137 1002 4213 existimavimus,
1026 4132 1071 4196 ita
1096 4147 1180 4191 nunc

981 4249 1052 4314 13*
