2738 4740
661 456 724 517 253

200 646 299 700 torum
325 639 511 724 equestrium
531 637 723 722 praediorum
746 658 946 723 possessorum
971 640 1003 703 in
1031 642 1161 706 alterum

198 759 319 852 coetqm
336 772 504 837 eommque
516 750 694 816 sicariorum
713 751 821 814 electio
829 750 862 814 in
878 751 1074 816 concionibus
1091 775 1160 838 per-

198 861 297 946 agitur
330 863 530 928 circularibus
557 886 593 929 ac
619 863 855 950 provincialibus
874 863 898 928 ¹.
942 863 1085 950 Suffragii
1110 866 1162 949 jus

196 975 228 1038 in
251 975 286 1038 iis
306 976 504 1041 electionibus
525 975 638 1041 babent
661 998 840 1063 possessores
862 976 1024 1053 bonorum,
1050 975 1163 1062 quibus

199 1087 245 1151 lex
273 1087 311 1152 dc
336 1088 537 1154 electionibus
565 1087 681 1155 hancce
707 1091 883 1155 facultatem
905 1088 1059 1167 attribuit;
1089 1082 1164 1172 eligi

199 1212 323 1285 possunt
343 1202 388 1264 illi
417 1213 535 1266 tantum
556 1225 590 1267 ex
611 1204 667 1279 iis,
687 1203 740 1291 qui
761 1203 875 1267 bonum
892 1202 1061 1287 possideant
1085 1201 1165 1286 ejus·

178 1311 290 1388 smodi,
300 1315 388 1399 cujus
402 1315 523 1402 integer
535 1315 647 1380 reditus
663 1338 783 1380 annuus
797 1316 943 1381 sexcentis
953 1314 991 1381 ad
1001 1314 1163 1380 minimum

198 1422 318 1488 tbalcris
337 1426 511 1491 aestimetur
527 1428 551 1494 ².
579 1427 805 1515 Designationes
831 1439 934 1493 autem
960 1448 1163 1512 possessorum

197 1536 395 1621 equestrium,
406 1548 471 1603 tom
482 1539 667 1604 urbanorum
680 1550 772 1625 atque
784 1540 965 1604 rusticorum
979 1539 1161 1626 legatorum,

197 1658 232 1711 ut
247 1658 277 1711 et
293 1646 403 1714 horum
419 1651 557 1715 omnium
571 1651 752 1716 vicariorum
767 1661 956 1739 peraguntur
966 1672 1001 1714 ex
1014 1671 1163 1736 praecep-

197 1760 235 1824 tis
254 1761 329 1847 legis
351 1760 389 1826 de
408 1763 617 1829 electionibus.
644 1765 689 1828 lle
710 1763 856 1850 eligendis
873 1761 1066 1827 mandatariis
1081 1783 1163 1826 mer·

196 1883 332 1937 catorum
347 1873 360 1917 ³
379 1885 407 1939 et
419 1876 633 1941 fabricatorum
650 1876 797 1961 peculiari
817 1875 940 1942 decreto
959 1875 1111 1941 statuitur.

240 1987 341 2051 Tertio
372 2009 475 2075 quoqe
506 2011 602 2064 anno,
636 1989 787 2054 ordinario
823 1998 975 2053 conventu
1005 1989 1161 2064 absoluto,

196 2120 263 2184 pars
281 2100 453 2185 legatorum
471 2102 503 2164 in
522 2102 618 2166 altero
636 2112 725 2166 coetu
745 2100 864 2166 decedit
881 2101 905 2165 ⁴.

240 2212 302 2293 Qui
327 2223 482 2278 certorum
500 2214 670 2299 legatorum
695 2212 832 2276 decessus
857 2223 892 2276 ut
912 2210 1018 2276 ordine
1035 2233 1161 2298 perago-

197 2334 321 2397 rentur‚
344 2324 444 2408 primo
473 2322 613 2388 babendo
644 2335 796 2390 consentu
822 2323 937 2389 sortitio
957 2323 1023 2389 lieri
1045 2323 1162 2389 debuit.

198 2437 298 2522 Atque
327 2435 524 2499 constitutum
550 2436 623 2512 luit,
649 2447 683 2500 ut
711 2449 778 2522 post
808 2438 943 2524 primum
976 2447 1162 2504 conventum

198 2547 377 2612 excederent
396 2570 445 2613 sex
465 2551 655 2636 equestrium
673 2571 874 2635 possessorum
886 2553 988 2639 legati,
1005 2564 1072 2616 tum
1094 2563 1162 2617 octo

196 2661 287 2746 legati
304 2661 422 2737 urbani,
439 2672 507 2727 octo
527 2663 639 2748 pariter
656 2662 748 2750 legati
763 2664 867 2727 rustici
881 2674 972 2749 atque
987 2685 1067 2729 unus
1080 2686 1162 2729 mer-

196 2785 333 2840 catorum
353 2798 389 2841 ac
404 2776 620 2842 fabricatorum
637 2776 853 2854 mandatarius,
868 2776 913 2839 illi
924 2776 1040 2841 scilicet
1051 2776 1163 2862 quibus

196 2886 291 2951 infimi
300 2888 332 2951 in
349 2888 506 2953 sortitione
526 2888 646 2953 numeri
664 2889 855 2977 obtigissent;
871 2900 938 2974 post
951 2890 1082 2954 alterum
1091 2907 1163 2951 rero

195 2999 382 3064 celebratum
407 3007 609 3076 conventum,
629 3012 745 3086 septem
776 3001 965 3087 equestrium
993 2998 1161 3065 fundorum

196 3111 321 3187 domini,
334 3124 402 3178 octo
424 3113 515 3199 legati
535 3113 678 3190 urbium,
697 3113 821 3177 totidem
845 3113 1026 3177 rusticorum
1046 3134 1082 3177 ac
1100 3112 1163 3177 duo

196 3234 418 3299 mercatorum,
442 3225 488 3288 illi
511 3226 565 3311 qui
588 3226 738 3311 proximos
758 3225 911 3310 prioribus
937 3225 996 3288 illis
1020 3246 1163 3289 numeros

196 3336 349 3401 duxissent
361 3358 369 3415 ;
381 3336 516 3422 denique
536 3338 646 3425 reliqui
666 3359 771 3403 omnes
789 3338 880 3425 legati
899 3347 965 3423 post
976 3346 1161 3400 conventum

197 3451 320 3515 tertium
340 3448 529 3514 excederent.
558 3450 694 3539 Delegati
716 3461 817 3536 postea
839 3449 927 3515 electi
949 3450 1039 3514 tertio
1059 3447 1163 3514 habito

191 3574 355 3651 postquam
377 3561 466 3626 electi
480 3574 551 3626 sunt
570 3574 724 3627 consentu
739 3560 1062 3628 ordinariodecedunt.

239 3674 427 3741 lleccdentes
443 3675 556 3739 iterum
573 3676 645 3764 eligi
663 3677 764 3740 statim
781 3680 915 3763 possunt.

193 3851 361 3864 .——--·-

233 3953 504 4022 ¹ffl4mnn
705 3956 977 4026 ’mmmmm

230 4047 240 4081 ³
258 4049 319 4099 rara.
336 4049 350 4116 t
368 4049 411 4113 ao,
427 4050 460 4100 a.
478 4048 495 4098 a
511 4060 536 4099 a
554 4053 579 4101 a.

230 4139 240 4172 ⁶
258 4139 309 4189 rna
327 4141 339 4206 q
356 4138 398 4202 τι,
416 4141 449 4189 n.
469 4140 492 4189 1.
