2738 4740
659 458 714 518 181

202 640 325 705 moratis
348 638 482 725 oppidis,
503 638 529 703 si
547 661 564 702 a
586 638 822 726 burgimagistro
844 637 980 716 recedas,
1003 637 1086 704 baud
1114 638 1167 703 alii

203 775 240 818 ac
259 752 370 818 delecti
399 753 479 818 cirea
502 752 565 816 seni
589 751 731 816 octonive
757 750 956 835 urbanusque
975 753 1102 838 scriptor
1122 762 1168 816 at·

203 865 380 932 tribuuntur
401 865 602 951 magistratus.
646 865 683 930 1n
710 874 841 949 utraque
860 864 963 941 classe,
987 865 1040 950 qui
1060 866 1167 931 aerarii

201 1001 308 1045 curam
329 979 458 1054 obeant,
480 977 667 1065 singularem
693 976 835 1062 pluresve
860 976 957 1042 socios
980 975 1166 1064 designaris

201 1092 330 1180 collegio
351 1111 476 1156 necessa
496 1099 541 1153 eat
555 1087 578 1155 ¹.

243 1204 394 1270 Omnium
408 1202 587 1289 oppidorum
603 1213 669 1267 tum
684 1203 911 1290 burgimagistri
928 1214 992 1267 tum
1007 1203 1168 1288 scriptores

202 1317 311 1381 urbani
339 1316 498 1380 literarum
523 1314 629 1380 studiis
654 1315 687 1380 iu
712 1316 869 1403 gymnasio
894 1316 1054 1380 exercitati
1075 1315 1167 1379 fuisse

200 1426 327 1502 debent,
354 1426 408 1491 sed
435 1426 603 1513 requiritur
626 1427 738 1504 suam,
765 1437 800 1491 ut
821 1448 876 1512 per
897 1428 1015 1514 aliquot
1035 1428 1166 1512 spatium

200 1560 351 1603 annorum
382 1538 531 1622 ejusmodi
561 1539 682 1626 negotis
710 1541 924 1616 tractaverint,
952 1560 1032 1625 quae
1058 1538 1168 1603 suturis

200 1651 334 1734 ipsorum
352 1649 459 1715 officiis
477 1650 591 1736 optime
611 1663 792 1716 censeantur
811 1650 985 1717 convenire.
1015 1651 1052 1715 ln
1069 1650 1167 1737 prima

200 1763 295 1828 classe
312 1762 388 1828 alter
401 1763 729 1851 ‘burgimagistrorum,
753 1764 785 1827 in
805 1763 862 1830 bac
879 1774 910 1828 et
934 1763 1066 1829 secunda
1088 1762 1168 1849 juris

199 1876 289 1960 periti
309 1885 476 1953 senatores,
500 1897 592 1939 cursu
619 1876 794 1942 academico
813 1886 957 1963 peracto,
980 1877 1166 1942 solemnibus

199 1989 385 2054 examinibus
409 1988 599 2074 comprobati
626 2001 726 2055 sunto.
787 1991 899 2056 Ultima
923 1990 1167 2078 burgimagistris

198 2101 337 2186 injuncta
354 2101 489 2167 conditio
511 2111 568 2178 est,
587 2111 623 2165 ut
634 2101 680 2164 rei
699 2100 865 2165 immobilis
885 2102 964 2164 intra
985 2100 1060 2165 linea
1081 2123 1165 2167 com-

198 2216 352 2280 munionis
384 2225 511 2284 utantur
542 2213 729 2297 possessione
746 2212 770 2277 ².
824 2214 868 2276 Ex
903 2212 1063 2298 opificibus
1095 2236 1168 2279 vero

198 2327 311 2392 delecti
333 2326 438 2391 iisdem
461 2325 631 2390 satisfacere
649 2335 807 2403 tenentur,
827 2347 902 2412 quas
918 2327 1166 2411 procuratoribus

199 2442 312 2507 civium
327 2439 525 2525 praescriptas
549 2460 624 2516 esse,
644 2459 714 2502 mox
732 2438 918 2520 ridebimus3
938 2451 969 2504 at
984 2439 1163 2518 cavendum,

199 2561 350 2637 quantum
378 2551 443 2616 lieri
461 2560 574 2637 potest,
604 2572 644 2614 ne
663 2548 772 2615 honori
796 2551 843 2615 illi
871 2550 953 2616 istud
979 2575 1075 2640 genus
1097 2555 1164 2640 opi·

198 2664 292 2729 ficum
319 2663 529 2741 admoveatur,
573 2663 685 2750 quibus
723 2663 924 2751 temperandis
965 2665 1084 2732 assidua
1123 2666 1163 2731 ab

196 2776 344 2843 aedilibus
368 2775 506 2842 incumbi
526 2775 622 2841 soleat
639 2774 799 2862 diligentiis
816 2775 839 2841 ³.
885 2776 1067 2842 Prohibetur
1082 2777 1163 2842 inter

197 2889 388 2976 magistratus
407 2890 504 2954 omnis
528 2890 561 2953 in
583 2888 665 2953 linei
687 2899 769 2952 recta
790 2889 931 2975 cognatio
952 2889 1160 2974 affinitasque:

197 3001 229 3065 iu
251 3001 332 3065 lined
350 3023 421 3065 vero
436 3001 579 3086 obliqua,
603 3001 659 3064 nisi
677 3021 758 3087 quae
776 2999 869 3085 primi
886 3011 931 3064 est
948 2999 1074 3086 gradus,
1096 3022 1162 3065 om·

197 3112 244 3175 nis
264 3111 442 3177 conceditur
460 3111 485 3175 ⁴.

242 3223 332 3307 Quod
353 3223 391 3289 ad
408 3234 527 3310 tempus
545 3248 710 3292 munerum
735 3226 939 3315 gerendorum
958 3226 1078 3307 attinet,
1092 3248 1160 3290 san-

199 3339 293 3402 citum
319 3337 504 3422 reperimus,
526 3350 561 3404 ut
581 3341 774 3428 quicumque
794 3341 930 3417 leviores,
950 3360 1026 3426 quas
1045 3337 1163 3404 indica·

199 3452 314 3526 rimus,
344 3451 473 3515 assecuti
505 3453 709 3533 conditiones,
733 3455 881 3543 dignitate
909 3455 1009 3517 forent
1036 3451 1162 3516 ornandi

199 3563 521 3648 lrurgimagistrorum,
545 3568 683 3631 eamdem
707 3589 761 3652 per
784 3567 960 3632 sexennium
987 3565 1161 3643 retinerent,

198 3677 255 3742 lroc
277 3698 346 3741 sero
367 3688 489 3750 exacto,
512 3680 654 3745 abdicare
677 3703 741 3744 sese
769 3703 898 3746 munere
921 3680 1085 3752 deberent,
1106 3680 1161 3744 nisi

198 3793 261 3876 qui,
287 3791 317 3854 in
336 3791 497 3878 singularis
517 3793 756 3858 testificationem
778 3793 919 3870 fiduciae,
943 3792 981 3857 ad
1001 3791 1090 3855 illum
1111 3790 1162 3856 de·

197 3940 396 3949 ν...-

234 4044 240 4074 ¹
259 4042 319 4092 lbid.
338 4046 357 4094 l.
374 4062 395 4093 c.
412 4045 426 4110 ᾗ
443 4046 486 4108 17,
506 4042 579 4096 N⁰.3.
735 4046 746 4076 ⁹
765 4047 829 4100 lbid.
847 4050 864 4096 1.
882 4061 904 4097 e:
921 4048 934 4113 p
951 4046 995 4111 48,
1012 4049 1043 4096 al.
1065 4046 1077 4095 1
1097 4058 1121 4098 et
1138 4044 1165 4095 2.

233 4133 320 4184 albid.
338 4137 356 4184 l.
374 4152 393 4184 e.
410 4136 423 4202 q
441 4136 484 4201 48,
503 4141 534 4188 al.
553 4138 577 4200 3,
597 4140 653 4188 coll.
672 4139 685 4206 p
702 4139 744 4189 76.
876 4140 885 4173 t
904 4139 963 4190 lbid.
980 4139 1000 4188 l.
1017 4159 1039 4194 c.
1058 4141 1072 4208 ᾗ
1090 4141 1134 4192 19.
