2738 4740
634 432 698 495 293

239 619 402 705 Utriusque
421 615 594 681 academiae
612 616 704 702 legati
717 636 752 679 ex
770 615 985 699 professoribus
1003 615 1107 679 aliisve
1126 615 1163 679 li·

196 732 296 795 teratis
318 729 515 815 publicumve
535 727 669 792 officium
698 726 872 814 gerentibus
895 726 968 790 siris
995 727 1163 792 desumun-

195 853 245 906 tur
263 844 285 910 ¹.
316 843 383 909 Non
404 851 530 926 possunt
556 842 660 925 plures
682 861 775 925 quam
797 850 866 904 ooto
886 839 958 904 socii
975 839 1006 904 in
1029 841 1162 925 priorem

195 965 315 1019 coetum
339 954 378 1019 ab
396 955 461 1038 ipso
478 973 590 1039 magno
606 951 685 1016 duce
705 951 857 1039 designari
873 951 898 1015 ².

237 1068 323 1131 Alter
344 1077 448 1132 coetus
470 1065 593 1130 urbium
614 1064 867 1151 balivatuumque
888 1065 996 1150 legatis
1012 1066 1164 1151 sexaginte

195 1181 290 1245 tribus
309 1190 353 1244 est
371 1179 568 1265 compositus,
581 1199 712 1264 quorum
733 1181 904 1265 legatorum
917 1178 1089 1243 distributio
1106 1178 1164 1243 in-

195 1295 279 1357 stitui
294 1293 422 1377 jubetur
438 1291 476 1356 ad
492 1313 559 1356 eam
570 1312 720 1372 normam,
732 1314 812 1378 quae
827 1291 975 1375 descripta
994 1291 1163 1377 reperiatur

195 1407 227 1471 iu
247 1407 349 1471 tabula
370 1406 426 1490 ipsi
447 1404 508 1491 legi
526 1403 669 1489 publicae
689 1403 828 1468 suffieit

238 1520 341 1606 Legati
355 1518 506 1604 designari
527 1517 651 1580 urbium
669 1515 920 1602 baliratuumque
941 1538 1002 1580 non
1022 1525 1164 1600 possunt:

260 1633 285 1697 1.
300 1630 355 1717 qui
376 1629 445 1715 ipsi,
465 1651 502 1694 eo
520 1638 666 1714 tempore,
686 1629 779 1714 priori
798 1630 900 1694 coetui
918 1640 989 1692 sant
1011 1627 1166 1713 adscripti;

249 1745 289 1810 H.
304 1744 358 1829 qui
378 1753 431 1807 aut
442 1743 586 1807 electores
599 1752 670 1806 sunt
680 1741 889 1829 delegatorum
900 1764 934 1806 ex
943 1741 1101 1806 nobilitate
1113 1751 1167 1805 aut

306 1878 372 1920 eam
394 1854 508 1919 babent
534 1855 743 1939 capacitatem,
764 1876 824 1942 qua
846 1855 996 1920 nobilium
1015 1853 1167 1942 designari

304 1969 395 2055 legati
418 1967 531 2053 possint
551 1967 574 2032 ⁴.
641 2052 644 2059 .

239 2081 362 2166 Reliqui
383 2080 463 2145 eires
483 2101 588 2143 omnes
607 2079 776 2164 legatorum
795 2101 922 2144 munere
940 2079 1077 2145 decorari
1096 2100 1166 2163 pos·

198 2204 285 2268 sunt,
309 2190 414 2255 modo:

267 2306 291 2370 1.
307 2303 400 2367 trium
431 2302 633 2367 formularum
650 2301 892 2367 Christianarum
917 2323 1010 2366 unam
1037 2301 1171 2386 amplexi

306 2415 437 2495 luerint;

250 2530 290 2596 ll.
307 2528 429 2614 triginta
447 2550 542 2592 annos
564 2527 626 2593 nati
645 2528 723 2608 sint;

233 2642 289 2705 lll.
303 2642 334 2704 in
352 2639 482 2725 publicis
504 2639 612 2704 tabulis
637 2640 780 2706 censoriis
797 2640 975 2718 fundorum,
994 2638 1165 2715 domorum,

307 2751 533 2837 opificiorumve
549 2750 649 2815 decies
664 2752 749 2815 mille
768 2750 874 2814 floren.
896 2751 1015 2814 summa
1029 2749 1166 2835 (Capital)

308 2864 424 2928 luerint
436 2865 594 2940 aestimati,
611 2874 665 2927 aut
682 2885 716 2927 ex
731 2846 886 2950 gentilicio
900 2861 1168 2937 feudalirelundo,

308 2975 407 3041 donec
437 2986 565 3039 aetatem
589 2973 721 3061 degant,
761 2975 926 3060 quotannis
958 2973 1045 3037 mille
1074 2975 1168 3060 quin·

310 3098 471 3175 gentorum
486 3087 594 3151 floren.
614 3087 744 3151 reditum
763 3086 943 3171 percipiant,
963 3096 1017 3150 aut
1031 3085 1167 3173 denique

309 3201 370 3265 sive
381 3201 558 3287 pensionem
576 3200 727 3284 accipiant
750 3211 875 3277 certam,
893 3200 954 3264 sire
965 3199 1165 3278 beneficium,

308 3315 390 3400 quod
411 3324 557 3394 vocatur,
590 3313 762 3399 possideant
795 3316 1056 3392 ecclesiasticum,
1082 3314 1166 3401 quod

307 3426 432 3511 quidem
458 3427 592 3490 officialis
612 3428 676 3490 sire
696 3427 794 3491 civilis
812 3428 874 3490 sive
896 3428 1091 3492 ecclesiastici
1115 3429 1166 3490 sti-

308 3538 454 3623 pendium
480 3540 577 3622 pretio
604 3539 799 3624 aequiparet,
825 3559 858 3602 ea
883 3539 967 3625 lege,
990 3549 1024 3602 ut
1049 3538 1168 3603 duabus
1260 3532 1268 3548 '

311 3650 525 3734 posterioribus
545 3649 771 3714 conditionibus
791 3651 897 3714 tributi
914 3663 1036 3736 propter
1052 3653 1167 3716 bouum

310 3763 469 3827 immobile
482 3763 627 3845 adjuncta
645 3763 682 3826 sit
701 3764 819 3830 solutio.

195 3933 273 3942 --„.
292 3932 400 3940 ---—-—

238 4024 243 4054 ¹
264 4024 321 4071 nia.
339 4024 353 4090 q
370 4021 412 4071 31.
710 4021 719 4050 ²
737 4021 790 4068 issa
816 4020 888 4088 aas.

236 4117 323 4165 asna.
342 4119 355 4183 a
374 4117 415 4166 os.
707 4113 794 4163 trata.
813 4116 827 4181 q
843 4115 886 4165 as.

951 4211 992 4272 20
