2738 4740
645 435 709 502 202

194 626 365 710 legatorum
383 613 624 708 designationem
642 619 766 698 attinet,
785 617 903 683 urbano
926 615 1045 682 cisium
1064 613 1166 681 ordin?

193 744 413 802 aoomseantur
430 732 455 800 ¹.
489 731 523 797 Si
541 752 617 818 quse
637 729 808 819 toprrcbiss
823 751 863 796 ne
877 728 1024 795 millenae
1036 727 1167 816 quidem

194 846 366 912 inhabitent
389 845 537 925 familiae,
566 866 674 911 earnm
701 841 882 910 mandatarii
907 842 944 908 iis
971 841 1168 909 adsocientur

196 970 315 1047 oportet
342 957 491 1035 comitiis,
523 978 604 1043 quae
626 977 731 1023 coram
757 954 926 1035 ruralibus,
955 953 1102 1042 adquae
1120 955 1168 1020 ild

197 1073 372 1159 pertinent,
402 1069 559 1156 judicibus
589 1067 773 1134 instituenda
800 1078 872 1133 sunt
892 1065 919 1132 ².
975 1067 1036 1134 lllc
1063 1078 1168 1135 sutem

198 1185 344 1268 recurrit,
365 1182 450 1270 quod
472 1183 506 1248 in
529 1180 648 1269 oppidio
678 1180 821 1267 usurpari
848 1201 939 1267 supra
969 1180 1166 1260 monuimus,

197 1297 362 1386 designatis
389 1318 501 1383 nempe
523 1294 719 1373 electoribus,
744 1293 838 1360 simul
857 1294 942 1359 reiut
968 1313 1083 1379 corpus
1104 1314 1168 1359 esse

198 1410 413 1498 compositum,
444 1430 479 1474 ex
503 1428 567 1494 quo
590 1408 669 1493 ipsos
696 1407 731 1472 in
755 1425 882 1493 quoque
907 1405 1026 1471 circulo
1048 1403 1168 1471 desumi

198 1525 313 1613 legatos
343 1544 466 1590 nwesae
492 1520 647 1601 futurum3
678 1520 846 1585 electorum
875 1516 1005 1605 proinde
1031 1516 1170 1583 muneris

199 1635 396 1724 capacitatem
416 1633 525 1699 iisdem
552 1633 644 1718 plano
672 1630 898 1698 conditionibus
927 1628 1071 1708 definiri,
1095 1651 1170 1718 quas

200 1749 258 1812 nisi
277 1746 345 1835 quis
370 1745 506 1831 expleat,
536 1768 555 1811 a
583 1744 777 1831 susmpiendu
797 1745 926 1831 hujusce
949 1743 1068 1811 ordinis
1086 1744 1170 1832 lega-

200 1860 283 1923 tione
312 1855 513 1923 removendus
534 1857 590 1937 sit;
616 1855 719 1922 addito
741 1857 781 1923 de
806 1856 996 1944 possessione
1021 1878 1169 1947 agrorum

200 1968 338 2058 legitime
370 1979 550 2056 praecepto,
587 1979 624 2033 ut
653 1969 734 2036 intra
764 1971 881 2056 ipsum,
914 1970 1004 2056 cujus
1043 1971 1172 2037 nomine

201 2095 345 2150 venturus
369 2082 425 2162 sit,
454 2081 650 2161 ambiletum,
669 2082 709 2147 nb
732 2081 864 2147 electore
893 2092 1048 2150 teneatur.
1087 2083 1172 2166 Qus·

200 2207 324 2285 propter
345 2196 503 2283 capacium
521 2194 555 2260 in
572 2194 714 2261 ambactu
734 2215 940 2280 possessorum
958 2195 1053 2261 series
1072 2195 1112 2262 ad
1132 2196 1173 2260 li-

160 2299 161 2302 *
200 2320 336 2375 terarum
358 2306 496 2374 ordinem
513 2306 661 2402 perscribi
682 2306 778 2395 inque
797 2305 1009 2371 habendorum
1031 2308 1173 2374 comitio·

202 2443 270 2486 rum
291 2422 361 2485 loco
379 2419 481 2505 palam
500 2419 583 2506 affigi
596 2419 726 2504 jubetur
741 2418 766 2482 ³.
810 2418 980 2485 Obeundae
1002 2442 1078 2487 vero
1093 2421 1174 2488 clec-

202 2533 291 2598 tiouis
310 2531 362 2598 bio
382 2531 457 2596 ritus
480 2532 709 2617 praescribitur.
742 2533 894 2599 Universis
913 2556 1068 2623 pagorum
1087 2558 1175 2603 man·

201 2644 333 2728 datnriis,
355 2642 471 2709 indicto
497 2643 548 2709 die
563 2643 602 2708 ad
622 2644 788 2711 solemnem
807 2645 921 2731 judicia
941 2645 1174 2713 advocationem

201 2757 403 2845 cougregatis,
422 2778 520 2844 quum
541 2757 622 2823 inter
641 2779 691 2823 eos
710 2759 835 2824 fortune
852 2757 1034 2839 habeantur,
1057 2761 1113 2848 qui
1134 2762 1175 2828 ob

201 2871 332 2937 rusticae
348 2869 427 2936 ritae
444 2870 669 2956 simplicitatem
688 2873 797 2960 exigua
817 2882 937 2937 tantum
957 2873 1080 2958 publici
1094 2875 1176 2960 juris

200 2984 320 3050 valeant
329 2983 446 3061 notitid,
466 2984 601 3070 primum
616 2985 756 3050 omnium
770 2985 949 3071 susceptiab
961 2985 999 3050 iis
1010 2987 1106 3054 officii
1119 3011 1176 3056 na·

202 3108 269 3161 tura
280 3095 443 3181 variaeque
459 3094 647 3161 conditiones
657 3095 768 3161 diserte
778 3106 981 3183 exponuntur.
999 3100 1085 3165 Tum
1099 3122 1178 3190 qua·

202 3221 271 3274 tuor
286 3231 323 3274 ex
341 3208 535 3274 mandatariis
550 3210 707 3275 sortitione
725 3209 904 3297 designandi
915 3221 1000 3289 sunt,
1011 3233 1089 3278 cum
1105 3214 1179 3301 ipsis

203 3321 305 3389 curiae
313 3319 515 3387 adsessoribus
528 3322 729 3409 actuarioque
744 3321 994 3409 excipiendorum
1001 3323 1182 3394 inscriben-

201 3435 376 3520 durumque
386 3444 526 3498 votorum
536 3444 625 3500 testes
635 3434 733 3500 lutari
744 3434 916 3522 tabulisque
925 3435 1181 3526 subsigneturil.

201 3551 272 3615 Post
289 3546 381 3626 baec,
405 3547 457 3612 ubi
486 3549 607 3614 numeri
628 3549 759 3634 alicujus
777 3560 881 3616 uotam
901 3549 1016 3638 singuli
1036 3555 1183 3642 ceperint

202 3659 397 3738 mandatarii,
423 3658 455 3724 hi
477 3681 514 3725 eo
535 3660 679 3747 deinceps
708 3660 814 3728 ordine
837 3661 935 3740 citati,
960 3684 1029 3749 quo
1049 3671 1188 3736 caeteris

236 3849 244 3883 ¹
264 3849 325 3899 lbid.
342 3850 361 3897 l.
379 3865 401 3898 e.
418 3847 433 3914 §
449 3847 492 3911 31,
512 3848 568 3899 coll.
586 3851 599 3915 p
616 3847 659 3911 27,
678 3849 704 3898 in
720 3850 737 3896 l.

235 3943 246 3974 ²
264 3942 325 3990 lb.d.
343 3943 362 3989 l.‘
379 3958 401 3990 e.
419 3942 432 4007 ᾗ
447 3938 492 3991 32.

235 4032 323 4083 ’lbid.
340 4035 358 4084 l.
376 4051 398 4083 c.
415 4034 429 4101 p
445 4032 488 4097 33,
506 4035 563 4084 eoll.
581 4036 593 4100 d
611 4033 635 4098 8,
653 4035 689 4084 lit.
708 4051 720 4083 e
739 4043 762 4084 et
778 4032 791 4098 d
807 4031 851 4084 28.

235 4124 323 4175 *rore
341 4127 359 4176 1.
379 4142 400 4176 ο.
418 4125 431 4190 o
449 4126 490 4177 34.
