2738 4740
590 447 654 513 278

141 659 202 703 non
230 634 377 722 exigendo
405 634 601 720 provincielia
622 633 735 699 tributa
761 643 864 719 utqrw
884 638 1141 720 prmtationen

142 760 208 812 tum
238 747 320 813 ciros
352 747 436 834 leges
461 769 565 812 omnes
587 744 726 811 serendaa
751 745 935 829 ejusmodi,
961 768 1055 835 queo
1076 751 1139 817 rola

139 860 234 946 ipsius
255 860 430 944 provinciae
447 859 569 947 negotia
592 867 781 944 spectarent,
804 860 953 944 exceptia
982 860 1024 925 iir
1052 862 1136 929 ordi-

142 973 328 1050 nationibus,
350 973 462 1060 quibua
488 971 527 1039 de
551 971 721 1059 vigentium
744 970 856 1058 legum
876 971 1083 1042 adhibitione
1097 997 1134 1041 ac

141 1085 343 1151 vindicatione
364 1084 440 1150 ders
460 1083 648 1169 temporariis
667 1082 872 1171 exsequendis
885 1085 1069 1172 praeceptio
1083 1108 1131 1151 so-

141 1198 301 1265 lummodo
332 1208 474 1285 ageretur
502 1207 557 1261 eut
578 1216 660 1282 quae
688 1194 729 1261 ed
748 1194 926 1263 anunm
948 1199 1129 1266 ceinture

142 1332 249 1378 eurem
268 1310 361 1376 unice
375 1311 563 1396 pertinerent
574 1309 597 1376 ¹.
624 1308 745 1391 Quibus
758 1318 866 1375 temen
882 1311 1126 1395 provincialium

141 1424 284 1491 ordinum
301 1422 506 1511 rogationibus
521 1444 559 1489 ao
574 1421 703 1490 decretis
717 1443 758 1487 ne
768 1442 925 1509 umquam
938 1424 1125 1491 universali·

142 1539 200 1603 bus
221 1536 350 1603 oiritetis
370 1536 488 1623 legibue
509 1533 709 1622 exsequendis
727 1533 947 1619 impedimenti
966 1536 1048 1623 quid
1071 1536 1122 1602 ob·

139 1650 297 1734 jioeretur‚
310 1649 402 1714 simul
415 1648 570 1735 provisum
582 1647 597 1691 ²
611 1669 649 1713 ee
660 1658 812 1732 poetremo
825 1648 987 1717 sancitum
1003 1661 1061 1728 est,
1079 1659 1122 1725 nt,

143 1763 269 1848 singulis
290 1771 373 1827 oerte
387 1760 541 1837 trienniia,'
550 1780 734 1847 unaqueque
747 1759 781 1825 in
796 1759 963 1845 pronoen
978 1760 1122 1829 ordinum

143 1886 310 1942 conventus
329 1875 537 1939 celebraretur
551 1873 575 1939 ³.

593 2078 612 2162 §
634 2077 666 2141 3.

365 2235 416 2302 Ile
441 2233 623 2302 ordinetur
641 2235 898 2302 amioereolt'dur.

187 2437 308 2522 Duplici
331 2446 420 2501 coetu
440 2435 508 2521 pori
526 2458 600 2502 oum
613 2437 696 2521 jure,
707 2446 743 2502 ut
759 2436 795 2502 in
816 2438 948 2525 reliquie
960 2441 1030 2506 lere
1044 2443 1118 2508 Ger·

144 2550 261 2616 maniae
282 2548 466 2631 civitatibus,
480 2551 525 2615 sio
540 2550 573 2613 in
591 2546 726 2615 ldanovid
745 2569 873 2636 quoque
889 2552 1038 2619 ordinum
1051 2555 1117 2620 uni-

144 2663 307 2730 remelium
326 2662 511 2748 compositus
525 2673 570 2729 est
581 2673 751 2729 conventus
764 2663 789 2730 ⁴.
811 2665 956 2746 Quorum
975 2677 1117 2732 coetuum

143 2779 226 2868 prior
242 2778 333 2843 simili
345 2776 410 2845 lero
425 2775 519 2842 modo
540 2787 635 2864 etque
649 2777 682 2841 in
698 2776 835 2855 brand,
853 2777 1001 2855 Saxonid,
1015 2780 1117 2843 Wur-

145 2889 329 2978 temborgid,
357 2887 486 2954 Badensi
517 2909 632 2975 magno
656 2887 791 2965 ducatu,
821 2886 890 2953 aliis
919 2890 1116 2976 regionibua,

146 3005 319 3070 efformatus
339 3013 384 3066 est
405 3022 444 3067 ao
463 2999 593 3087 proinde
612 3011 746 3066 oonsnt:
765 2997 996 3086 l)prinoipibns
1011 3001 1116 3088 regila

144 3113 178 3202 2)
190 3113 414 3202 spectatissimis
438 3112 622 3200 quibusdum
641 3112 884 3200 megistmtibus3
911 3109 946 3201 3)
967 3114 1118 3180 mediato-

145 3251 214 3294 rum
236 3227 456 3293 territoriorum
474 3226 618 3307 dominis3
637 3225 669 3313 l)
682 3227 844 3293 abbatibus
858 3228 1029 3307 nonnullis,
1039 3227 1119 3312 epia·

144 3343 226 3428 copis
244 3339 415 3418 Catholicis,
430 3341 510 3405 binis
528 3342 562 3406 in
580 3351 703 3426 tempus
716 3338 851 3405 bebeudi
869 3351 1045 3405 conventus
1060 3341 1118 3404 de-

144 3456 267 3542 signetis
279 3454 443 3539 pontificiis
459 3454 649 3542 Evangeliois
661 3453 829 3540 primariia3
848 3450 882 3538 5)
894 3452 969 3538 jure
982 3453 1119 3541 andrsgii

144 3568 344 3635 haereditario
368 3590 404 3632 ex
429 3567 607 3653 imperantis
635 3566 818 3633 auctoritate
845 3564 966 3632 donati·
987 3567 1119 3653 majora·

146 3693 234 3747 tuum
257 3681 412 3757 dominia,
443 3680 476 3744 in
500 3679 614 3766 quibua
633 3678 832 3764 majoratibus
857 3678 984 3767 integer
1005 3679 1121 3747 reditur

144 3819 264 3864 annuus
294 3795 464 3882 postulatur
490 3790 609 3859 rirtbal.
637 3792 676 3858 ed
700 3791 865 3857 minimum
890 3793 989 3861 sexies
1014 3793 1120 3873 nille3

141 3965 338 3977 ——---·-⁴-

181 4069 189 4102 ι
207 4069 266 4117 rur.
279 4065 342 4133 ers.
649 4061 738 4112 *rute
755 4061 770 4128 p
786 4059 831 4112 oo.

181 4160 191 4193 ³
209 4159 268 4208 rste.
288 4159 302 4225 p
319 4155 360 4207 or.
645 4153 656 4187 ⁶
673 4154 734 4204 rnre.
750 4154 765 4221 p
781 4153 824 4205 or.
