2738 4740
319 452 364 492 ΧΠ
762 466 842 478 -ιι

320 606 475 667 sublevasti
483 653 492 684 ,
503 607 636 681 erexisti,
647 606 829 667 coufirmasti
837 653 845 683 ,
854 627 952 667 verm
966 627 1068 688 porro,
1080 627 1140 689 qua
1156 609 1290 669 eundum

320 734 390 785 esset
401 725 463 795 via,
480 723 752 785 benevolentissime
771 723 1056 807 prudentissimeque
1074 724 1290 816 significavisti.

321 844 365 902 lta
374 887 383 917 ,
392 841 473 926 quod
482 841 562 901 hanc
574 841 807 901 dissertationem
817 841 1030 923 qualicumque
1045 841 1165 902 taudem
1176 844 1292 903 ratione

320 959 466 1020 absolvere
484 959 559 1020 mihi
576 958 709 1030 licuerit,
729 959 760 1018 id
770 958 834 1019 Tibi
856 961 911 1018 uni
933 969 1086 1042 acceptum
1107 980 1154 1019 me
1176 959 1290 1029 referre,

318 1076 419 1159 palam
436 1076 486 1137 bic
505 1076 675 1160 praedicare
692 1078 778 1159 gestit
796 1078 914 1136 animus
927 1098 1017 1137 meus.
1059 1076 1156 1152 llunc,
1170 1077 1250 1159 qnod
1267 1078 1296 1136 is·

318 1192 383 1254 'l'ibi
404 1196 438 1254 in
458 1193 632 1277 republica
653 1194 767 1270 honor,
791 1192 1003 1277 plaudentibus
1024 1194 1111 1254 bonis
1135 1195 1291 1270 omnibus,

318 1309 435 1392 obtigit,
443 1332 506 1394 quo
517 1312 682 1392 graviorem
698 1311 950 1395 insignioremque
968 1331 1056 1372 nemo
1071 1312 1163 1394 possit
1177 1312 1289 1372 civium

317 1429 470 1510 consequi,
495 1427 596 1497 hunc,
616 1449 693 1510 quae
717 1428 834 1509 egregia
857 1427 919 1486 Tua
936 1438 979 1487 est
1001 1425 1139 1497 solicitas,
1159 1427 1201 1486 ita
1220 1447 1289 1486 cum

317 1544 489 1626 professorio
509 1564 632 1605 munere
647 1544 786 1626 copulare
806 1564 918 1626 pergas,
944 1554 979 1604 ut
998 1546 1032 1603 in
1050 1545 1178 1626 patriam
1198 1545 1290 1605 simul

318 1681 352 1718 ac
366 1657 527 1719 studiosam
538 1661 725 1740 juventutem
746 1659 898 1720 laetissimi
913 1682 951 1719 ex
971 1660 1025 1719 illo
1042 1659 1197 1721 connubio
1211 1661 1289 1722 sruc-

317 1787 363 1835 tus
382 1775 574 1859 proveniant!

357 1894 456 1975 Neque
472 1914 536 1953 non
553 1893 617 1952 Tibi
634 1892 737 1952 multis
756 1892 931 1953 nominibus
948 1895 1107 1954 arctissime
1123 1916 1170 1953 me
1187 1895 1287 1957 derin-

315 2011 400 2081 xisti,
419 2010 464 2072 Cl.
483 2030 535 2070 vau
547 1995 630 2070 nsi!
652 2010 695 2070 'lu
709 2012 807 2081 enim,
828 2032 889 2094 qua
909 2033 1011 2072 omnes
1031 2012 1106 2072 Tuos
1126 2011 1291 2097 discipulos

315 2132 451 2215 prosequi
470 2131 543 2191 soles
553 2176 562 2206 ,
581 2130 787 2191 benevolentia
797 2176 806 2207 ,
820 2151 939 2202 eorum,
959 2151 1036 2213 quae
1059 2131 1181 2212 quidem
1204 2143 1289 2191 extra

315 2272 362 2313 me
370 2251 465 2333 posita
475 2261 569 2312 essent
581 2296 588 2322 ,
599 2249 681 2310 nihil
699 2250 919 2332 praetermisisti
928 2294 935 2319 ,
944 2270 1005 2331 qno
1020 2248 1205 2331 prohabilem
1217 2251 1290 2310 artis

316 2392 333 2428 a
353 2378 382 2428 te
399 2368 524 2429 traditae
545 2369 685 2428 notitiam
704 2366 842 2427 mihimet
856 2388 967 2450 possem
988 2388 1167 2450 comparare.
1192 2367 1290 2450 Atque

314 2505 379 2543 eam
389 2485 551 2544 erudiendo
560 2483 635 2544 mihi
644 2483 806 2543 adhibuisti
817 2482 1034 2543 humanitatem
1040 2484 1290 2567 elegantiamque,

315 2611 364 2670 ut,
380 2600 454 2660 dum
469 2622 521 2683 per
539 2600 645 2661 arduos
662 2600 731 2660 illas
749 2599 942 2683 procedebam
947 2601 1025 2683 juris
1037 2600 1136 2660 civiles
1146 2603 1286 2673 tramites,

315 2719 349 2776 in
370 2718 587 2777 amoenissimos
616 2717 754 2778 scientiae
776 2738 895 2801 campos
915 2717 1057 2777 deductus
1080 2717 1287 2782 absterriti

315 2835 434 2897 viderer.
488 2834 579 2917 Cujus
611 2835 808 2896 institutionis
837 2857 906 2896 cum
933 2835 1064 2896 salubria
1089 2837 1287 2922 jucrmdaque

314 2954 424 3013 suerint
443 2954 560 3024 omnia,
589 2952 647 3013 boe
672 2954 914 3020 tamennomine
937 2955 1083 3037 imprimis
1103 2956 1219 3017 felicem
1238 2978 1286 3018 me

312 3070 466 3142 existimo,
487 3069 568 3152 quod
590 3069 627 3130 ad
639 3069 882 3131 consuetudinem
890 3070 997 3143 Tuam,
1013 3074 1178 3156 exquisitae
1198 3074 1283 3135 illam

313 3187 465 3259 utilitatis,
487 3187 640 3249 admittere
658 3209 706 3248 me
725 3210 788 3248 non
808 3188 1004 3271 denegaveris.

351 3305 436 3380 Quod
447 3305 534 3366 Vobis
542 3306 618 3365 V.V.
627 3305 683 3367 cll.
691 3309 699 3364 ἔ
708 3329 762 3389 pro
775 3319 820 3368 tot
831 3309 980 3391 tantisque
988 3308 1140 3370 beneficiis
1150 3309 1282 3381 referam,

309 3422 447 3505 equidem
469 3445 533 3484 non
542 3421 653 3499 habe03
666 3434 697 3484 at
715 3435 833 3504 gratum
844 3448 898 3508 pro
912 3426 974 3486 illis
992 3426 1128 3489 animum
1147 3427 1181 3486 in
1194 3449 1284 3488 omne

311 3561 416 3600 meum
439 3540 577 3600 devovere
601 3539 689 3600 Vobis
715 3542 821 3622 cupio!
868 3542 961 3603 Deum
987 3544 1114 3627 supplex
1136 3543 1173 3604 de
1191 3543 1281 3606 Vobis

312 3678 414 3739 precor
430 3657 464 3716 0.
475 3657 529 3731 ll„
540 3658 633 3717 vitam
645 3656 759 3717 felicem
775 3680 809 3717 ac
820 3678 936 3718 summa
955 3681 1090 3743 quaeque
1111 3660 1208 3737 bona,
1230 3684 1283 3744 per

309 3774 433 3856 longam
458 3775 560 3836 seriem
578 3797 727 3836 annorum
753 3775 857 3858 largiri
880 3777 952 3838 velit
975 3777 1064 3838 Vobis
1102 3779 1280 3860 Vestrisque‚

312 3893 472 3973 insigniter
501 3894 544 3952 ita
564 3893 683 3953 demum
700 3894 829 3976 patriae,
857 3894 984 3967 civium,
1009 3894 1151 3955 Athenaei
1169 3897 1281 3965 nostri,

311 4010 352 4068 rei
369 4008 497 4092 denique
516 4010 663 4071 liter-ariae
683 4010 771 4071 saluti
792 4013 1011 4095 commodisque
1025 4016 1260 4097 prospectururn!

722 4159 878 4190 -0—
