2738 4740
587 455 627 518 19

122 637 273 725 Denique,
284 639 350 724 jana
368 635 536 705 admodum
553 649 673 703 mature
691 637 824 723 insignes
841 638 934 704 luisse
952 639 1094 706 ordinum

122 763 221 837 partes
241 749 381 817 sidentur
401 750 433 816 in
455 748 589 815 coudlir's
606 770 698 834 super
717 749 805 813 variis
826 749 1096 818 administrationis

120 868 262 955 publicae
280 866 410 954 negotiis
422 888 494 932 oum
512 866 652 951 principe
671 865 944 943 communicandis,
963 869 1014 933 cui
1030 867 1096 933 aci·

119 978 193 1046 licet
212 979 311 1046 officio
332 989 572 1044 consentaneum
594 987 659 1041 erat
683 976 869 1041 creberrime
887 1001 939 1042 eos
959 980 999 1044 ab
1021 980 1097 1065 ipsis

121 1092 343 1178 imperantibus
362 1089 538 1155 adhiberi¹:
557 1087 641 1153 unde
654 1088 770 1153 lactum
785 1091 927 1176 utmagis
939 1091 1098 1177 magisque

121 1205 155 1269 in
174 1206 240 1292 ipsa
259 1203 350 1270 etiam
371 1204 478 1288 legum
493 1200 606 1266 latione
624 1222 730 1265 eorum
748 1223 814 1267 sese
833 1202 1011 1288 explicuerit
1024 1224 1098 1268 auo·

105 1316 238 1398 toritas,
254 1317 293 1384 ab
313 1316 408 1380 altera
429 1334 502 1378 vero
519 1324 615 1399 parte,
637 1336 673 1379 ex
693 1313 837 1379 ordinum
858 1315 915 1380 isto
936 1337 1099 1391 concursu,

124 1428 163 1494 ad
185 1420 339 1513 potestatis
362 1426 581 1515 dignitatisque
597 1449 670 1491 suae
691 1426 975 1512 amplificationem,
996 1428 1030 1493 in
1047 1450 1100 1492 ra·

125 1540 179 1605 riis
192 1539 375 1605 Germaniae
389 1539 563 1627 regionibus
578 1540 688 1605 eximie
706 1539 862 1626 principes
879 1539 1031 1627 prolicere
1045 1562 1101 1627 po·

125 1652 239 1719 tuerint
252 1651 276 1720 ².
306 1653 430 1739 ltaque,
449 1673 548 1739 quum
569 1651 607 1716 ad
627 1652 820 1735 altissimum,
840 1655 963 1719 saeculo
979 1653 1100 1720 decimo

124 1777 218 1842 sexto,
234 1764 376 1831 ordinum
392 1765 424 1829 in
438 1763 603 1850 provinciis
615 1764 805 1831 Germanicia
817 1765 983 1831 auctoritas
995 1778 1100 1832 erecta

122 1877 277 1966 fastigium
308 1877 426 1956 luisset,
457 1876 539 1943 banc
566 1879 659 1945 etiam
685 1879 721 1942 iis
742 1899 977 1966 nonnumquam
996 1878 1100 1944 datam

122 1988 354 2077 promissionem
375 1988 567 2068 invenimus,
584 1989 700 2076 absquo
719 2012 827 2054 eorum
848 1991 996 2068 oonsilio,
1022 1990 1101 2056 nibil

123 2105 216 2191 paulo
236 2101 380 2190 gravioris
401 2102 551 2167 momenti
567 2102 600 2165 in
622 2102 744 2168 civitate
766 2101 872 2189 peragi
894 2102 988 2168 licere
1007 2102 1101 2188 idque

125 2238 230 2303 reapse
248 2216 281 2281 in
307 2215 440 2302 publicis
462 2214 608 2279 institutis
630 2214 823 2279 observatum
842 2215 946 2281 luisse.

170 2330 274 2416 Atque
295 2326 358 2402 buc
381 2329 472 2393 etiarn
491 2326 639 2413 pertinuit
660 2327 755 2415 quod,
778 2337 957 2414 postquam,
978 2329 1100 2393 saeculo

124 2443 246 2508 decimo
264 2453 368 2518 sesto,
391 2464 410 2506 e
431 2462 588 2506 sacrorum
609 2440 822 2508 emendatione
839 2441 1030 2509 vehementia
1044 2463 1101 2528 pes

126 2557 296 2622 universam
326 2554 525 2622 Germaniam
552 2564 654 2618 exorta
681 2552 803 2618 dissidia
825 2554 970 2620 luissent:
998 2555 1100 2620 cultus

125 2681 227 2736 autem
255 2669 352 2735 dirini
380 2668 554 2756 procuratio
580 2668 763 2756 juriumque
794 2668 867 2735 indo
896 2669 1099 2756 pendentium

126 2783 221 2848 tutela
239 2782 431 2869 gravissimis,
443 2780 563 2846 summa
583 2783 723 2846 omnium
737 2783 934 2849 contentione
948 2782 1099 2871 agitandis

126 2894 360 2982 quaestionibus
377 2916 481 2959 summ
497 2893 641 2979 deinceps
660 2895 891 2980 praebuissent:
915 2918 1005 2982 sacpe
1021 2914 1099 2980 quo·

128 3028 191 3095 que
202 3007 343 3073 ordinum
354 3007 388 3070 in
399 3008 526 3094 gratiam
540 3007 740 3072 constitutum
751 3009 901 3094 legimus,
914 3029 970 3085 ne,
982 3007 1100 3094 absque

129 3143 235 3185 eorum
264 3121 461 3199 auctoritate,
493 3121 573 3186 circa
600 3120 780 3207 religionem
802 3119 926 3205 publice
946 3119 1020 3206 quid
1040 3121 1098 3184 im·

130 3234 242 3300 mutari
268 3235 375 3300 liceret
396 3233 420 3301 ³.
464 3235 624 3299 Caeterum
649 3232 815 3298 obtinuisse
839 3233 903 3296 lere
926 3231 977 3296 itta
1002 3242 1100 3297 aetate

129 3347 266 3412 ridemus
296 3358 331 3413 ut
362 3368 578 3434 quaecumque
598 3347 670 3432 jura
700 3345 774 3411 olim
810 3344 930 3409 ordines
967 3344 1099 3430 acquisi-

165 3600 175 3639 ¹
193 3602 267 3666 Idem,
285 3602 343 3652 itit.
361 3620 385 3666 p.
403 3598 464 3664 247,
480 3602 538 3651 coll.
557 3603 582 3650 l.
600 3601 641 3663 tt,
658 3601 672 3667 §
690 3599 748 3650 2⁴6.

162 3693 327 3760 2Ειαιιιοιιι,
344 3695 403 3746 ibid.
420 3704 444 3744 et
460 3704 511 3745 not.
528 3711 553 3757 q,
571 3711 583 3742 r
601 3702 625 3742 et
642 3710 669 3750 ις
693 3694 750 3744 ooll.
774 3704 981 3753 noasssnaotttt,
1005 3690 1100 3739 Grund-

128 3794 191 3839 sbtss
207 3790 230 3838 d.
249 3790 315 3840 beot.
333 3789 447 3839 Deouob.
465 3789 563 3838 Stsstss.
583 3789 597 3855 ᾗ
616 3786 676 3850 155,
693 3797 743 3837 not.
762 3787 785 3836 d.

162 3881 328 3946 aermon,
348 3882 450 3935 att.
469 3876 889 3948 1l,§546,ooll.§§502,aot.
908 3875 1101 3941 0,5os‚ats.

129 3976 257 4027 Videamus
273 3977 346 4040 bajus
362 3976 522 4040 promissionis
538 3976 645 4038 exempla
661 3973 721 4038 apud
742 3975 885 4037 postadun
898 3972 1101 4024 dernittelbsren

129 4070 297 4132 Rittssscbslt,
314 4088 338 4134 p.
355 4068 421 4128 8783
441 4083 532 4131 noan,
549 4069 601 4118 Yon
620 4068 662 4116 dar
677 4066 845 4118 lleiebsst's‘nde
860 4068 971 4129 huden,
994 4085 1016 4130 p.
1034 4065 1102 4128 979,

133 4160 315 4227 1069,1086,
334 4179 386 4227 sqq.
780 4168 785 4176 ·

946 4255 997 4316 2*
