2738 4740
508 434 511 440 ⁵
536 447 600 507 213

83 629 286 714 jurisdicundi
305 630 463 716 privilegio
484 639 621 706 utentes,
650 628 797 716 pontificii
822 641 886 693 tum
907 628 1053 695 Catholici

88 755 152 807 tum
169 745 386 819 Protestantes,
412 742 521 806 urbani
535 740 692 818 homines,
713 762 857 828 agrorum
876 764 1055 826 possessores

85 856 201 943 absque
216 855 449 939 jurisdictione,
482 876 538 941 pro
563 865 627 920 rata
653 854 766 942 singuli
788 865 874 940 parte
892 877 1055 920 concurre·

86 980 168 1046 rent,
192 967 299 1032 iisdem
320 978 386 1030 tum
410 966 624 1032 communibus
645 978 710 1032 tum
732 966 848 1054 cuique
867 965 964 1030 ordini
985 988 1054 1050 pro

85 1082 158 1165 priis
179 1078 402 1146 conditionibus
428 1078 551 1144 definita
580 1079 762 1165 capacitate,
788 1100 864 1165 quas
882 1078 913 1141 in
937 1077 1006 1162 §²⁵³¹
1021 1083 1055 1142 2⁰

84 1216 120 1258 ac
139 1199 172 1258 3⁰
192 1191 404 1268 retulerimus,
429 1191 485 1254 nisi
508 1191 591 1277 quod
614 1190 772 1276 praedialis
794 1191 899 1254 tribub
918 1189 1057 1276 quinque

84 1304 261 1390 pensionem
282 1303 468 1367 florenorum
490 1303 629 1368 sufficere
650 1303 756 1368 ultima
779 1327 815 1368 er
837 1303 931 1368 classe
950 1303 1055 1368 caudi-

85 1415 178 1491 datis,
201 1416 429 1500 pronuntiatum
450 1417 489 1480 sit
504 1410 529 1482 ¹,
572 1418 673 1494 Licet,
692 1438 755 1504 quo
769 1428 799 1480 et
814 1416 975 1503 superioris
987 1415 1055 1503 dig-

86 1526 185 1592 uitatis
217 1522 370 1591 nobilibus
399 1537 491 1612 atque
524 1527 642 1593 clericis
668 1539 698 1592 et
729 1528 863 1590 virorum
897 1527 1057 1593 doctorum

86 1639 183 1705 ordini
198 1641 273 1707 certi
288 1642 321 1705 in
342 1639 387 1704 hia
405 1642 609 1706 conventibus
637 1641 696 1707 loci
719 1640 967 1718 attribuerentur,
992 1638 1071 1704 edi-¹

86 1754 163 1817 risse
183 1753 386 1840 legislatorem
406 1754 613 1832 inveniamus,
627 1765 661 1818 ut
681 1755 714 1817 in
735 1754 770 1817 iis
791 1754 928 1830 circulis,
945 1730 1058 1840 quibus

84 1867 163 1930 bona
186 1866 318 1931 feudalia
344 1867 392 1930 rel
417 1866 694 1931 fideicommissario
720 1867 950 1931 continerentur
974 1866 1055 1950 ejus·

83 1976 184 2055 modi,
208 1999 342 2064 quorum
365 1980 456 2048 titulo
484 1979 601 2044 domini
621 1981 779 2063 ipsorum,
807 1979 869 2044 sire
897 1980 1057 2065 optimates

83 2114 118 2155 ea
148 2094 239 2177 gente
258 2090 383 2155 Diaetae
413 2091 582 2175 Imperialia
614 2091 687 2153 olim
721 2111 773 2153 usa
802 2091 961 2167 societate,
995 2092 1056 2154 sire

84 2204 162 2289 regis
187 2201 328 2285 auspiciis
359 2199 551 2266 haereditarii
588 2200 716 2265 civitatis
754 2201 933 2276 consiliarii,
970 2223 1056 2265 suam

83 2315 217 2399 quisque
239 2313 390 2376 excelsam
420 2312 579 2401 stationem
608 2323 808 2397 occuparent,
842 2312 906 2377 bini
933 2313 1056 2399 insuper

85 2447 120 2488 er
142 2424 188 2487 bis
210 2421 404 2488 comitiorum
429 2423 590 2509 participes
620 2423 819 2490 redderentur
844 2424 873 2505 ²;
906 2426 972 2512 pari
999 2449 1056 2491 au-

85 2545 147 2600 tem
180 2534 309 2610 bonore,
350 2535 478 2621 singulis
522 2537 553 2599 in
589 2537 728 2615 circulis,
763 2537 817 2601 ubi
850 2537 1054 2603 immobilium

83 2648 212 2733 alicujus
237 2647 410 2713 academiae
450 2658 542 2735 caput
580 2660 672 2725 esset,
718 2650 830 2737 singuli
872 2651 1053 2736 professores

83 2761 226 2828 ordinarii
245 2759 275 2841 3;
299 2770 430 2846 uterque
450 2781 522 2825 rero
543 2760 786 2846 archiepiscopus
807 2763 956 2848 regnique
977 2783 1050 2828 oon·

63 2875 198 2938 'ailiator
221 2883 339 2938 creatus
356 2873 530 2958 episcopua,
551 2872 582 2936 in
604 2873 766 2957 provinciis
786 2883 894 2949 terras,
920 2894 1052 2959 quarum

82 2986 217 3050 dominio
245 2984 329 3048 sedes
361 2985 545 3070 episcopales
571 2982 764 3050 exornandae
791 2985 907 3063 lorent,
943 2985 1052 3068 majori

83 3108 168 3183 parte
194 3096 465 3181 complectentibus
483 3093 531 3182 l),
552 3095 796 3161 admoverentur.
843 3097 1051 3179 Quamobrem

83 3209 233 3294 cujusque
253 3207 360 3272 circuli
378 3208 538 3293 optimates
557 3231 593 3273 ac
618 3207 808 3274 haereditarii
831 3209 1050 3285 consiliatores,

83 3319 243 3406 separatim
272 3341 289 3383 a
321 3330 452 3404 quotuor
481 3319 623 3385 ordinum
655 3321 792 3386 coetibus
815 3321 984 3395 electoriis,
1014 3343 1049 3384 co

83 3432 172 3516 plane
194 3432 271 3512 ritu,
295 3433 348 3516 qui
382 3432 412 3496 in
443 3432 611 3518 appendice
638 3434 675 3498 ad
701 3434 800 3520 legem
830 3432 985 3517 publicam
1009 3434 1050 3495 x·

83 3544 298 3629 possessoribus
312 3545 364 3628 jus
384 3544 556 3609 dicentibus
574 3547 777 3631 praescriptus
795 3545 905 3621 luerit,
924 3555 1051 3632 quater·

83 3682 136 3724 nos
163 3657 346 3722 nominaturi
374 3656 548 3723 candidatos
571 3657 742 3743 horumque
767 3658 830 3722 bini
858 3657 1049 3743 provincialis

117 3857 123 3886 ¹
142 3857 197 3906 liad.
213 3859 262 3923 l.§
283 3857 323 3918 10,
345 3858 401 3906 coll.
420 3859 536 3906 Consta.
555 3854 631 3916 1818,
650 3859 675 3905 T.
694 3858 731 3916 vt,
752 3855 827 3921 §123
847 3857 916 3906 edict.
933 3857 962 3905 da
979 3873 1047 3904 conr.

81 3950 156 3998 ordin.
171 3950 196 3998 T.
211 3951 232 4011 l,
248 3950 274 4015 §b
325 3967 337 3996 c
384 3984 389 3996 .
