2738 4740
628 405 669 466 ts

166 588 233 652 loco
252 587 443 655 aderntcrum
469 588 506 651 iis
531 588 562 652 in
585 589 671 653 ltalia
695 589 957 673 patrimoniorum,
983 587 1134 678 adsignati

165 702 288 767 luerunt
310 702 331 766 ¹.
379 703 521 787 Denique
542 712 608 765 turn
635 701 693 766 alia
715 712 804 767 cauta
820 702 900 768 bene
917 704 1031 779 multa,
1053 724 1134 789 quae

163 816 202 881 ad
227 815 427 881 moderandas
460 827 504 881 tot
525 817 592 882 illas
622 816 819 882 alienationes
843 819 1012 882 necessario
1029 819 1133 904 perti-

164 940 290 1008 nerent,
322 941 388 994 tam
423 941 457 995 ut
478 932 549 1015 jura
580 930 704 1016 publica
733 951 838 994 carum
863 941 1031 1009 terrarum,
1054 952 1134 1017 quae

162 1042 319 1119 saeculari,
336 1043 419 1128 quod
440 1043 537 1127 ajunt,
560 1043 701 1129 regimini
721 1043 850 1107 luissent
870 1042 1037 1125 subjectae,
1057 1065 1134 1129 qua·

163 1165 253 1219 tenus
270 1155 323 1220 illa
343 1166 396 1220 aut
414 1154 559 1242 legitimis
574 1155 744 1240 principem
764 1157 844 1220 iuter
858 1166 888 1219 et
906 1154 987 1220 eires
1002 1175 1134 1220 conrec-

163 1268 298 1332 tionibus
329 1278 383 1332 aut
414 1266 545 1332 decretis
573 1267 782 1353 imperialibus
813 1269 1005 1346 niterentur,
1031 1266 1134 1354 rigere

164 1381 221 1445 sub
243 1380 327 1445 noris
347 1401 475 1467 quoque
497 1391 661 1467 pergerent
688 1381 876 1458 rectoribus,
910 1380 991 1445 salra
1012 1389 1134 1445 tantum

165 1493 210 1556 his
230 1494 263 1557 in
289 1494 378 1556 rebus
396 1504 461 1557 tum
481 1493 622 1558 civilibus
644 1503 708 1557 tum
728 1492 910 1559 militaribus
926 1492 1135 1560 emendandae

164 1605 429 1671 administrationis
450 1607 605 1672 facultate.

208 1718 298 1784 llisce
316 1739 387 1783 rero
406 1718 547 1783 omnibus
565 1740 674 1806 quum,
696 1729 811 1805 quanta
833 1729 900 1783 tum
917 1719 1043 1804 Imperii
1067 1730 1133 1784 tum

162 1831 396 1917 praecipuorum
407 1833 548 1896 Statuum
561 1843 638 1896 esset
648 1831 819 1909 infirmitas,
829 1852 1026 1897 nmocaorrrr
1036 1853 1134 1919 quan·

162 1956 190 2010 ta
199 1954 373 2031 suppeteret
383 1966 440 2030 pro
454 1945 553 2013 lubitu
561 1945 700 2010 mutandi
711 1944 813 2010 amnia
825 1955 919 2032 atque
928 1945 1132 2031 pcrmisccudi

160 2058 306 2135 licentia,
327 2058 572 2123 manifestissime
599 2058 804 2143 apparuisset,
827 2058 932 2143 paucis
955 2069 1022 2144 post
1045 2059 1133 2123 annis

159 2170 217 2236 alia
238 2171 330 2256 longe
350 2170 470 2257 grarior
490 2172 521 2236 in
547 2172 637 2235 rebus
656 2171 847 2236 Germanicis
869 2169 981 2234 accidit
1007 2191 1133 2264 consen
1172 2187 1177 2196 ·

160 2286 223 2363 sio,
252 2305 346 2369 quam
376 2285 450 2349 rotis
482 2295 575 2371 atque
597 2285 732 2349 consiliis
756 2282 942 2367 jamdudum
970 2305 1131 2350 naronnor

161 2411 405 2485 praeparaverat,
444 2399 483 2463 ad
521 2419 615 2486 quam
651 2397 870 2484 perficiendam
900 2397 1133 2485 juvandumque

163 2514 259 2577 varios
284 2515 414 2598 populos
445 2513 613 2598 perducere
638 2512 780 2577 omnibus
814 2513 931 2578 viribus
964 2511 1131 2580 studuerat.

160 2626 419 2713 Quandoquidem
457 2627 540 2691 enim
575 2625 782 2691 turbatissimo
814 2626 869 2690 illo
899 2626 1025 2711 lmpcrii
1051 2636 1132 2691 statu

159 2741 243 2805 nulla
264 2739 397 2825 amplius
416 2763 483 2827 spes
496 2740 669 2805 civitatibus
688 2740 930 2827 relinquebatur,
951 2740 1027 2817 lore,
1044 2750 1079 2804 ιιι
1095 2762 1130 2804 ex

160 2864 276 2930 retcre,
297 2875 360 2939 qua
387 2875 460 2918 cum
481 2853 635 2938 Imperio,
664 2853 790 2918 nomine
816 2874 902 2917 nunc
926 2862 1010 2916 certe
1035 2851 1132 2937 magis

160 2988 253 3053 quam
278 2989 322 3043 re,
347 2966 531 3051 conjunctae
551 2966 738 3031 haberentur
762 2962 1005 3039 necessitudine,
1027 2963 1129 3049 aliqua

160 3080 192 3142 in
209 3091 364 3165 posterum
379 3080 495 3144 utilitas
509 3079 546 3145 ad
555 3080 625 3165 jura
637 3075 860 3163 commodaque
871 3076 1004 3160 ipsarum
1018 3075 1130 3140 tuenda

162 3189 358 3260 redundaret:
381 3203 416 3256 ut
437 3214 509 3257 vero
531 3189 720 3277 praepotenti
740 3191 927 3253 Francorum
947 3188 1131 3272 imperatore

160 3305 243 3370 socio
264 3328 301 3370 ac
325 3304 483 3370 defensore
512 3315 694 3379 uterentur,
719 3323 813 3388 quam
835 3300 966 3364 maxime
989 3299 1131 3385 expedire

160 3418 321 3484 ridebatur
340 3421 499 3484 universis:
519 3418 610 3483 facile
629 3415 703 3481 buic
724 3416 860 3501 prolecto
876 3415 934 3478 luit
951 3413 1128 3499 negotium,

159 3533 368 3619 compluribus
407 3533 487 3596 inter
526 3533 663 3597 nationes
700 3529 898 3594 Germanicas
930 3525 1128 3611 persuadere,

160 3688 354 3698 n—-—.....
357 3690 375 3696 ..

194 3746 200 3778 ¹
220 3749 327 3796 Donatus
353 3744 389 3792 est
412 3761 509 3807 magnus
531 3744 629 3791 Tusciae
653 3742 701 3789 dux
723 3741 860 3802 Srlrburgia
877 3757 905 3787 aa
922 3738 1129 3803 Berclrtoldrgadio
1227 3722 1230 3727 ⁴

160 3842 310 3903 partibusque
336 3838 458 3887 Pecuarius
483 3845 554 3899 atque
571 3834 732 3888 llichrtadiae;
760 3833 808 3881 dux
828 3849 883 3881 raro
900 3833 1047 3882 llodenemir
1065 3834 1130 3882 Bris-

158 3934 247 3993 goriam
271 3943 342 3996 atque
364 3930 511 3980 Ortarrariaru
536 3930 561 3976 in
586 3928 673 3976 Suebis
697 3927 727 3973 ab
751 3926 858 3975 lustriae
874 3927 963 3991 aceepit
980 3928 1128 3991 imperatore,

159 4027 197 4074 cui
219 4026 243 4073 in
270 4026 367 4087 gratiam
393 4025 460 4072 illins
488 4022 622 4071 donationis
647 4022 790 4069 Trientenair
816 4039 843 4068 ae
866 4022 983 4071 llrircoria
1010 4031 1130 4072 cesserunt

159 4122 312 4183 episcopatus.
330 4120 397 4166 Coos.
419 4117 496 4181 [egb
516 4116 537 4164 l.
