2738 4740
731 424 772 484 82

314 607 402 692 Apud
424 628 546 683 omnes,
570 607 657 670 salvis
680 605 800 693 legibus
825 628 862 669 ac
883 601 1154 669 consuetudinibus
1168 621 1239 685 pro·

268 719 363 803 puis,
389 719 464 784 rarii
485 719 600 804 recepti
622 729 693 782 sunt
710 717 861 782 Austriaei
882 717 920 781 de
936 717 1009 800 jure
1028 714 1160 779 codices.

312 833 477 895 Summum
505 831 536 895 in
555 831 689 917 singulas
707 829 798 895 hasce
819 830 956 916 regiones
978 828 1141 914 imperium
1150 827 1239 911 jura-

271 966 332 1030 que
361 945 433 1009 inde
460 934 625 1030 pendentia¹
648 942 848 1008 haereditario
873 943 998 1007 nomine
1022 953 1179 1007 transeunt
1199 940 1240 1004 ad

270 1079 377 1133 mares,
395 1056 542 1122 natalium
561 1056 667 1120 ordine
678 1058 850 1120 observato:
868 1054 1082 1119 deficientibus
1092 1055 1240 1128 maribus,

268 1169 438 1235 succedunt
459 1169 610 1234 foeminae
632 1171 767 1255 (Pragm.
789 1169 894 1233 Sanct.
914 1190 1030 1232 csaour
1048 1164 1114 1250 Vl.)

313 1281 443 1347 Ordines
459 1280 613 1368 congressi
631 1302 708 1344 novo
727 1281 790 1366 regi
810 1301 914 1343 rerum
935 1280 1031 1364 potito
1045 1279 1137 1343 fidem
1148 1289 1241 1364 atque

271 1395 475 1460 obedientiam
501 1393 662 1480 spondent.
706 1396 771 1458 Rex
803 1403 870 1455 turn
899 1392 1061 1458 confirmat
1085 1390 1240 1476 privilegia

269 1529 305 1571 ac
329 1507 482 1571 libertates
503 1505 657 1572 ordinum.

312 1620 438 1682 Munera
457 1616 656 1682 haereditaria
676 1617 910 1702 praecipuorum
927 1616 1144 1681 officiariorum
1162 1627 1239 1679 tam-

269 1752 364 1816 quam
387 1730 478 1794 leuda
502 1729 670 1793 masculina
693 1729 758 1792 dari
779 1730 887 1795 solent.
934 1731 1092 1793 Pertinent
1114 1730 1151 1793 ad
1173 1730 1240 1792 des-

269 1841 432 1907 cendentes
450 1864 522 1905 seru
541 1842 708 1906 masculino
729 1842 937 1927 fruunturque
958 1843 994 1905 iis
1015 1854 1089 1905 natu
1105 1843 1239 1915 maximi,

269 1955 436 2020 dummodo
463 1953 624 2020 Catholicis
644 1954 735 2019 sacris
757 1955 871 2020 addicti
891 1956 961 2020 sint.
1007 1955 1101 2019 lllulta
1124 1976 1162 2017 ex
1182 1953 1240 2016 hac

271 2067 454 2152 possessione
473 2065 614 2131 oriuntur
632 2067 806 2153 privilegia,
831 2089 911 2154 quae
936 2067 1057 2153 legibus
1075 2077 1239 2130 consuetu-

270 2179 455 2266 dinibusque
475 2179 673 2246 definiuntur.

314 2291 448 2377 Collegia
474 2314 511 2356 ao
536 2291 693 2356 dieasteria
714 2289 893 2355 universalia
908 2290 1046 2357 Viennae
1066 2289 1240 2369 constituta,

272 2423 403 2488 quorum
422 2404 585 2468 auctoritas
605 2426 641 2468 ac
656 2403 830 2487 jurisdictio
848 2424 953 2467 omnes
970 2403 1109 2489 regiones
1132 2402 1242 2466 haere·
1297 2411 1300 2415 '

273 2514 394 2579 ditarias
409 2516 665 2599 complectuntur,
683 2514 758 2581 haec
774 2526 859 2580 sunt:

319 2634 347 2692 1.
369 2626 540 2691 Concilium
557 2628 668 2705 Status,
689 2630 741 2694 cui
758 2629 913 2712 subjectae
935 2640 1008 2692 sunt
1028 2630 1167 2715 reliquae
1182 2629 1243 2693 Cu·

371 2741 434 2806 riae
455 2762 577 2806 omnes:
601 2752 718 2827 praeest
734 2742 780 2805 illi
800 2744 979 2827 Imperator.

317 2862 347 2921 2.
370 2856 556 2921 Cancellaria
583 2857 682 2921 dulae
711 2856 888 2920 Austriacae
918 2865 1011 2942 atquo
1040 2855 1244 2931 Bohemicac‚

367 2992 489 3046 rerum,
508 2991 589 3056 quae
605 2970 757 3033 internam
778 2967 905 3032 civitatis
929 2967 1134 3031 conditionem
1155 2990 1244 3052 spec·

365 3094 440 3159 tant,
460 3083 684 3169 gubernatione
703 3080 1027 3166 administrationequc
1044 3081 1188 3167 fungens.

314 3201 343 3260 3.
367 3196 553 3261 Cancellaria
581 3197 683 3259 Status
704 3193 837 3258 externis
864 3193 955 3257 rebus
979 3193 1106 3259 civitatis
1127 3195 1246 3280 guber·

367 3306 486 3373 nandis.

315 3423 343 3485 l.
366 3420 489 3485 Camere
510 3420 655 3505 Superior
674 3420 719 3483 rei
735 3418 930 3504 pecuniariae
946 3417 1244 3484 administrationem

367 3533 482 3598 obiens.

312 3651 342 3708 5.
365 3643 488 3728 Legatio
516 3643 587 3708 fidei
622 3643 765 3728 publicae
803 3639 925 3732 (eredit)
959 3641 1176 3707 custodiendae
1207 3665 1248 3709 ac

367 3775 491 3818 mensae
509 3754 699 3842 argentariae
716 3753 877 3841 regendae.

313 3868 343 3930 C.
366 3867 489 3932 Caruere
525 3867 670 3951 Superior
705 3887 855 3950 expensae
888 3865 1038 3950 pecuniae
1074 3866 1246 3930 rationibus

368 3977 582 4044 examinandis.

311 4093 340 4154 7.
364 4087 535 4153 Concilium
552 4089 697 4154 Aulicum
712 4087 751 4154 de
774 4087 864 4152 rebus
879 4086 1007 4163 bellicis,
1025 4088 1193 4154 conflatum
1209 4112 1246 4155 ex
