<?xml version="1.0" encoding="UTF-8"?>
<!DOCTYPE html PUBLIC "-//W3C//DTD XHTML 1.0 Transitional//EN"
    "http://www.w3.org/TR/xhtml1/DTD/xhtml1-transitional.dtd">
<html xmlns="http://www.w3.org/1999/xhtml" xml:lang="en" lang="en">
 <head>
  <title>
</title>
<meta http-equiv="Content-Type" content="text/html;charset=utf-8" />
  <meta name='ocr-system' content='tesseract 3.04.00' />
  <meta name='ocr-capabilities' content='ocr_page ocr_carea ocr_par ocr_line ocrx_word'/>
</head>
<body>
  <div class='ocr_page' id='page_1' title='image "./specimenjurispu00backgoog_0225.png"; bbox 0 0 2738 4740; ppageno 0'>
   <div class='ocr_carea' id='block_1_1' title="bbox 659 439 724 502">
    <p class='ocr_par' dir='ltr' id='par_1_1' title="bbox 659 439 724 502">
     <span class='ocr_line' id='line_1_1' title="bbox 659 439 724 502; baseline 0.062 -3"><span class='ocrx_word' id='word_1_1' title='bbox 659 439 724 502; x_wconf 87' lang='lat'><strong>200</strong></span> 
     </span>
    </p>
   </div>
   <div class='ocr_carea' id='block_1_2' title="bbox 182 616 1182 3635">
    <p class='ocr_par' dir='ltr' id='par_1_2' title="bbox 195 616 1182 1710">
     <span class='ocr_line' id='line_1_2' title="bbox 207 616 1182 710; baseline -0.002 -23"><span class='ocrx_word' id='word_1_2' title='bbox 207 622 309 710; x_wconf 82' lang='lat' dir='ltr'><strong>(ttort-</strong></span> <span class='ocrx_word' id='word_1_3' title='bbox 332 620 397 687; x_wconf 90' lang='lat' dir='ltr'><strong>und</strong></span> <span class='ocrx_word' id='word_1_4' title='bbox 415 620 627 708; x_wconf 86' lang='lat' dir='ltr'><strong>Feldpulisei),</strong></span> <span class='ocrx_word' id='word_1_5' title='bbox 651 621 823 708; x_wconf 86' lang='lat' dir='ltr'><strong>designatos</strong></span> <span class='ocrx_word' id='word_1_6' title='bbox 847 619 935 705; x_wconf 86' lang='lat' dir='ltr'><strong>iungi</strong></span> <span class='ocrx_word' id='word_1_7' title='bbox 959 616 1182 696; x_wconf 69' lang='lat' dir='ltr'><strong>moderatores,</strong></span> 
     </span>
     <span class='ocr_line' id='line_1_3' title="bbox 202 730 1181 819; baseline -0.004 -19"><span class='ocrx_word' id='word_1_8' title='bbox 202 734 336 800; x_wconf 81' lang='lat' dir='ltr'><strong>maxime</strong></span> <span class='ocrx_word' id='word_1_9' title='bbox 367 744 471 798; x_wconf 90' lang='lat' dir='ltr'><strong>autem</strong></span> <span class='ocrx_word' id='word_1_10' title='bbox 502 734 730 798; x_wconf 69' lang='lat' dir='ltr'><strong>communionis</strong></span> <span class='ocrx_word' id='word_1_11' title='bbox 753 730 922 819; x_wconf 76' lang='lat' dir='ltr'><strong>praesidem</strong></span> <span class='ocrx_word' id='word_1_12' title='bbox 953 730 1134 796; x_wconf 80' lang='lat' dir='ltr'><strong>invenimus</strong></span> <span class='ocrx_word' id='word_1_13' title='bbox 1156 731 1181 807; x_wconf 74' lang='lat'><strong>⁸,</strong></span> 
     </span>
     <span class='ocr_line' id='line_1_4' title="bbox 203 844 1180 932; baseline -0.002 -21"><span class='ocrx_word' id='word_1_14' title='bbox 203 846 315 912; x_wconf 91' lang='lat' dir='ltr'><strong>tributa</strong></span> <span class='ocrx_word' id='word_1_15' title='bbox 343 846 461 911; x_wconf 87' lang='lat' dir='ltr'><strong>selectis</strong></span> <span class='ocrx_word' id='word_1_16' title='bbox 489 845 652 925; x_wconf 72' lang='lat' dir='ltr'><strong>facultate,</strong></span> <span class='ocrx_word' id='word_1_17' title='bbox 678 856 733 930; x_wconf 91' lang='lat' dir='ltr'><strong>ut,</strong></span> <span class='ocrx_word' id='word_1_18' title='bbox 757 845 870 932; x_wconf 86' lang='lat' dir='ltr'><strong>quibus</strong></span> <span class='ocrx_word' id='word_1_19' title='bbox 890 844 1018 909; x_wconf 87' lang='lat' dir='ltr'><strong>minutis</strong></span> <span class='ocrx_word' id='word_1_20' title='bbox 1043 845 1180 930; x_wconf 86' lang='lat' dir='ltr'><strong>peccatis</strong></span> 
     </span>
     <span class='ocr_line' id='line_1_5' title="bbox 201 955 1178 1043; baseline -0.003 -19"><span class='ocrx_word' id='word_1_21' title='bbox 201 958 321 1024; x_wconf 90' lang='lat' dir='ltr'><strong>nonnisi</strong></span> <span class='ocrx_word' id='word_1_22' title='bbox 340 959 456 1025; x_wconf 87' lang='lat' dir='ltr'><strong>mulcta</strong></span> <span class='ocrx_word' id='word_1_23' title='bbox 480 958 556 1022; x_wconf 81' lang='lat' dir='ltr'><strong>levis</strong></span> <span class='ocrx_word' id='word_1_24' title='bbox 576 959 692 1024; x_wconf 90' lang='lat' dir='ltr'><strong>indicta</strong></span> <span class='ocrx_word' id='word_1_25' title='bbox 711 957 820 1033; x_wconf 85' lang='lat' dir='ltr'><strong>luerit,</strong></span> <span class='ocrx_word' id='word_1_26' title='bbox 838 955 949 1022; x_wconf 90' lang='lat' dir='ltr'><strong>borum</strong></span> <span class='ocrx_word' id='word_1_27' title='bbox 967 956 1027 1043; x_wconf 90' lang='lat' dir='ltr'><strong>ipsi</strong></span> <span class='ocrx_word' id='word_1_28' title='bbox 1044 977 1178 1042; x_wconf 88' lang='lat' dir='ltr'><strong>poenam</strong></span> 
     </span>
     <span class='ocr_line' id='line_1_6' title="bbox 199 1067 1176 1158; baseline -0.002 -22"><span class='ocrx_word' id='word_1_29' title='bbox 199 1070 322 1158; x_wconf 87' lang='lat' dir='ltr'><strong>exigant</strong></span> <span class='ocrx_word' id='word_1_30' title='bbox 339 1072 365 1132; x_wconf 78' lang='lat'><strong>⁴.</strong></span> <span class='ocrx_word' id='word_1_31' title='bbox 410 1069 499 1155; x_wconf 88' lang='lat' dir='ltr'><strong>Quod</strong></span> <span class='ocrx_word' id='word_1_32' title='bbox 529 1078 748 1157; x_wconf 78' lang='lat' dir='ltr'><strong>argumentum</strong></span> <span class='ocrx_word' id='word_1_33' title='bbox 769 1069 839 1135; x_wconf 85' lang='lat' dir='ltr'><strong>satis</strong></span> <span class='ocrx_word' id='word_1_34' title='bbox 856 1067 981 1156; x_wconf 91' lang='lat' dir='ltr'><strong>quidem</strong></span> <span class='ocrx_word' id='word_1_35' title='bbox 1002 1069 1128 1155; x_wconf 81' lang='lat' dir='ltr'><strong>copiose</strong></span> <span class='ocrx_word' id='word_1_36' title='bbox 1143 1068 1176 1134; x_wconf 92' lang='lat' dir='ltr'><strong>in</strong></span> 
     </span>
     <span class='ocr_line' id='line_1_7' title="bbox 200 1181 1176 1277; baseline -0.001 -29"><span class='ocrx_word' id='word_1_37' title='bbox 200 1183 391 1277; x_wconf 85' lang='lat' dir='ltr'><strong>ordinatione</strong></span> <span class='ocrx_word' id='word_1_38' title='bbox 408 1183 591 1266; x_wconf 75' lang='lat' dir='ltr'><strong>municipali</strong></span> <span class='ocrx_word' id='word_1_39' title='bbox 612 1182 791 1268; x_wconf 81' lang='lat' dir='ltr'><strong>exponitur,</strong></span> <span class='ocrx_word' id='word_1_40' title='bbox 811 1192 843 1247; x_wconf 89' lang='lat' dir='ltr'><strong>at</strong></span> <span class='ocrx_word' id='word_1_41' title='bbox 860 1203 915 1247; x_wconf 82' lang='lat' dir='ltr'><strong>nos</strong></span> <span class='ocrx_word' id='word_1_42' title='bbox 933 1181 1053 1247; x_wconf 89' lang='lat' dir='ltr'><strong>diutius</strong></span> <span class='ocrx_word' id='word_1_43' title='bbox 1073 1201 1176 1247; x_wconf 90' lang='lat' dir='ltr'><strong>mora·</strong></span> 
     </span>
     <span class='ocr_line' id='line_1_8' title="bbox 197 1296 1172 1383; baseline 0.001 -24"><span class='ocrx_word' id='word_1_44' title='bbox 197 1306 303 1361; x_wconf 89' lang='lat' dir='ltr'><strong>turum</strong></span> <span class='ocrx_word' id='word_1_45' title='bbox 326 1318 389 1361; x_wconf 92' lang='lat' dir='ltr'><strong>non</strong></span> <span class='ocrx_word' id='word_1_46' title='bbox 413 1307 473 1372; x_wconf 91' lang='lat' dir='ltr'><strong>est,</strong></span> <span class='ocrx_word' id='word_1_47' title='bbox 496 1316 594 1383; x_wconf 90' lang='lat' dir='ltr'><strong>quum</strong></span> <span class='ocrx_word' id='word_1_48' title='bbox 609 1296 675 1381; x_wconf 88' lang='lat' dir='ltr'><strong>jam</strong></span> <span class='ocrx_word' id='word_1_49' title='bbox 703 1306 823 1381; x_wconf 87' lang='lat' dir='ltr'><strong>tempus</strong></span> <span class='ocrx_word' id='word_1_50' title='bbox 844 1315 908 1359; x_wconf 87' lang='lat' dir='ltr'><strong>esse</strong></span> <span class='ocrx_word' id='word_1_51' title='bbox 931 1305 1093 1380; x_wconf 80' lang='lat' dir='ltr'><strong>putemne,</strong></span> <span class='ocrx_word' id='word_1_52' title='bbox 1122 1307 1172 1378; x_wconf 91' lang='lat' dir='ltr'><strong>ut,</strong></span> 
     </span>
     <span class='ocr_line' id='line_1_9' title="bbox 198 1404 1174 1494; baseline 0 -23"><span class='ocrx_word' id='word_1_53' title='bbox 198 1408 287 1473; x_wconf 88' lang='lat' dir='ltr'><strong>missa</strong></span> <span class='ocrx_word' id='word_1_54' title='bbox 305 1405 363 1472; x_wconf 89' lang='lat' dir='ltr'><strong>hac</strong></span> <span class='ocrx_word' id='word_1_55' title='bbox 386 1405 425 1472; x_wconf 89' lang='lat' dir='ltr'><strong>de</strong></span> <span class='ocrx_word' id='word_1_56' title='bbox 445 1428 593 1494; x_wconf 79' lang='lat' dir='ltr'><strong>pagorum</strong></span> <span class='ocrx_word' id='word_1_57' title='bbox 613 1405 763 1493; x_wconf 88' lang='lat' dir='ltr'><strong>regimine</strong></span> <span class='ocrx_word' id='word_1_58' title='bbox 778 1404 998 1492; x_wconf 74' lang='lat' dir='ltr'><strong>disquisitione,</strong></span> <span class='ocrx_word' id='word_1_59' title='bbox 1016 1405 1056 1471; x_wconf 87' lang='lat' dir='ltr'><strong>ad</strong></span> <span class='ocrx_word' id='word_1_60' title='bbox 1075 1407 1174 1492; x_wconf 83' lang='lat' dir='ltr'><strong>ipsam</strong></span> 
     </span>
     <span class='ocr_line' id='line_1_10' title="bbox 198 1518 1172 1608; baseline 0.004 -26"><span class='ocrx_word' id='word_1_61' title='bbox 198 1539 254 1583; x_wconf 87' lang='lat' dir='ltr'><strong>nos</strong></span> <span class='ocrx_word' id='word_1_62' title='bbox 275 1531 486 1586; x_wconf 81' lang='lat' dir='ltr'><strong>convertamus</strong></span> <span class='ocrx_word' id='word_1_63' title='bbox 512 1521 627 1608; x_wconf 89' lang='lat' dir='ltr'><strong>legatos</strong></span> <span class='ocrx_word' id='word_1_64' title='bbox 650 1518 782 1607; x_wconf 88' lang='lat' dir='ltr'><strong>eligendi</strong></span> <span class='ocrx_word' id='word_1_65' title='bbox 806 1519 966 1596; x_wconf 88' lang='lat' dir='ltr'><strong>rationem,</strong></span> <span class='ocrx_word' id='word_1_66' title='bbox 992 1530 1106 1606; x_wconf 89' lang='lat' dir='ltr'><strong>quarto</strong></span> <span class='ocrx_word' id='word_1_67' title='bbox 1128 1520 1172 1585; x_wconf 86' lang='lat' dir='ltr'><strong>ei·</strong></span> 
     </span>
     <span class='ocr_line' id='line_1_11' title="bbox 195 1629 1045 1710; baseline 0 -14"><span class='ocrx_word' id='word_1_68' title='bbox 195 1630 283 1696; x_wconf 84' lang='lat' dir='ltr'><strong>rium</strong></span> <span class='ocrx_word' id='word_1_69' title='bbox 305 1631 423 1710; x_wconf 87' lang='lat' dir='ltr'><strong>ordini,</strong></span> <span class='ocrx_word' id='word_1_70' title='bbox 445 1630 477 1694; x_wconf 93' lang='lat' dir='ltr'><strong>id</strong></span> <span class='ocrx_word' id='word_1_71' title='bbox 497 1641 541 1696; x_wconf 89' lang='lat' dir='ltr'><strong>est</strong></span> <span class='ocrx_word' id='word_1_72' title='bbox 561 1631 681 1696; x_wconf 87' lang='lat' dir='ltr'><strong>rusticis</strong></span> <span class='ocrx_word' id='word_1_73' title='bbox 701 1629 877 1695; x_wconf 90' lang='lat' dir='ltr'><strong>bominibus</strong></span> <span class='ocrx_word' id='word_1_74' title='bbox 893 1629 1045 1696; x_wconf 81' lang='lat' dir='ltr'><strong>usitatam.</strong></span> 
     </span>
    </p>

    <p class='ocr_par' dir='ltr' id='par_1_3' title="bbox 185 1742 1173 3182">
     <span class='ocr_line' id='line_1_12' title="bbox 239 1742 1173 1829; baseline 0.003 -22"><span class='ocrx_word' id='word_1_75' title='bbox 239 1744 336 1809; x_wconf 89' lang='lat' dir='ltr'><strong>Sicuti</strong></span> <span class='ocrx_word' id='word_1_76' title='bbox 356 1744 445 1808; x_wconf 84' lang='lat' dir='ltr'><strong>urbes</strong></span> <span class='ocrx_word' id='word_1_77' title='bbox 470 1743 609 1820; x_wconf 86' lang='lat' dir='ltr'><strong>vidimus,</strong></span> <span class='ocrx_word' id='word_1_78' title='bbox 630 1743 735 1828; x_wconf 89' lang='lat' dir='ltr'><strong>paucis</strong></span> <span class='ocrx_word' id='word_1_79' title='bbox 756 1743 898 1828; x_wconf 82' lang='lat' dir='ltr'><strong>exeeptis,</strong></span> <span class='ocrx_word' id='word_1_80' title='bbox 914 1742 1029 1829; x_wconf 90' lang='lat' dir='ltr'><strong>quibus</strong></span> <span class='ocrx_word' id='word_1_81' title='bbox 1043 1743 1173 1812; x_wconf 80' lang='lat' dir='ltr'><strong>laustior</strong></span> 
     </span>
     <span class='ocr_line' id='line_1_13' title="bbox 186 1853 1172 1947; baseline 0.007 -30"><span class='ocrx_word' id='word_1_82' title='bbox 186 1853 268 1938; x_wconf 89' lang='lat' dir='ltr'><strong>juris</strong></span> <span class='ocrx_word' id='word_1_83' title='bbox 298 1853 407 1942; x_wconf 83' lang='lat' dir='ltr'><strong>obtigit</strong></span> <span class='ocrx_word' id='word_1_84' title='bbox 433 1854 585 1932; x_wconf 90' lang='lat' dir='ltr'><strong>conditio,</strong></span> <span class='ocrx_word' id='word_1_85' title='bbox 614 1855 662 1918; x_wconf 92' lang='lat' dir='ltr'><strong>bis</strong></span> <span class='ocrx_word' id='word_1_86' title='bbox 692 1854 836 1940; x_wconf 83' lang='lat' dir='ltr'><strong>deinceps</strong></span> <span class='ocrx_word' id='word_1_87' title='bbox 863 1855 994 1920; x_wconf 83' lang='lat' dir='ltr'><strong>serendis</strong></span> <span class='ocrx_word' id='word_1_88' title='bbox 1019 1857 1172 1947; x_wconf 83' lang='lat' dir='ltr'><strong>suffragiis</strong></span> 
     </span>
     <span class='ocr_line' id='line_1_14' title="bbox 194 1966 1170 2055; baseline 0.007 -23"><span class='ocrx_word' id='word_1_89' title='bbox 194 1966 370 2052; x_wconf 86' lang='lat' dir='ltr'><strong>permissam</strong></span> <span class='ocrx_word' id='word_1_90' title='bbox 396 1966 453 2032; x_wconf 90' lang='lat' dir='ltr'><strong>sibi</strong></span> <span class='ocrx_word' id='word_1_91' title='bbox 482 1967 662 2034; x_wconf 86' lang='lat' dir='ltr'><strong>electionem</strong></span> <span class='ocrx_word' id='word_1_92' title='bbox 694 1968 866 2044; x_wconf 81' lang='lat' dir='ltr'><strong>absolvere,</strong></span> <span class='ocrx_word' id='word_1_93' title='bbox 897 1967 958 2046; x_wconf 92' lang='lat' dir='ltr'><strong>ita,</strong></span> <span class='ocrx_word' id='word_1_94' title='bbox 977 1969 1033 2055; x_wconf 92' lang='lat' dir='ltr'><strong>qui</strong></span> <span class='ocrx_word' id='word_1_95' title='bbox 1054 1970 1170 2039; x_wconf 88' lang='lat' dir='ltr'><strong>eirium</strong></span> 
     </span>
     <span class='ocr_line' id='line_1_15' title="bbox 193 2079 1169 2168; baseline 0.007 -25"><span class='ocrx_word' id='word_1_96' title='bbox 193 2101 265 2144; x_wconf 89' lang='lat' dir='ltr'><strong>rure</strong></span> <span class='ocrx_word' id='word_1_97' title='bbox 289 2079 467 2168; x_wconf 86' lang='lat' dir='ltr'><strong>degentium</strong></span> <span class='ocrx_word' id='word_1_98' title='bbox 495 2080 636 2168; x_wconf 89' lang='lat' dir='ltr'><strong>auspiciis</strong></span> <span class='ocrx_word' id='word_1_99' title='bbox 666 2080 698 2145; x_wconf 93' lang='lat' dir='ltr'><strong>in</strong></span> <span class='ocrx_word' id='word_1_100' title='bbox 727 2093 911 2145; x_wconf 76' lang='lat' dir='ltr'><strong>conventum</strong></span> <span class='ocrx_word' id='word_1_101' title='bbox 932 2080 1098 2165; x_wconf 90' lang='lat' dir='ltr'><strong>publicum</strong></span> <span class='ocrx_word' id='word_1_102' title='bbox 1116 2084 1169 2150; x_wconf 92' lang='lat' dir='ltr'><strong>ad·</strong></span> 
     </span>
     <span class='ocr_line' id='line_1_16' title="bbox 191 2192 1169 2282; baseline 0.003 -24"><span class='ocrx_word' id='word_1_103' title='bbox 191 2194 340 2260; x_wconf 90' lang='lat' dir='ltr'><strong>sciscendi</strong></span> <span class='ocrx_word' id='word_1_104' title='bbox 359 2205 481 2275; x_wconf 88' lang='lat' dir='ltr'><strong>sunt,e</strong></span> <span class='ocrx_word' id='word_1_105' title='bbox 499 2195 592 2261; x_wconf 88' lang='lat' dir='ltr'><strong>trium</strong></span> <span class='ocrx_word' id='word_1_106' title='bbox 612 2195 796 2262; x_wconf 90' lang='lat' dir='ltr'><strong>concionum</strong></span> <span class='ocrx_word' id='word_1_107' title='bbox 818 2195 895 2258; x_wconf 88' lang='lat' dir='ltr'><strong>serie</strong></span> <span class='ocrx_word' id='word_1_108' title='bbox 911 2192 1066 2278; x_wconf 90' lang='lat' dir='ltr'><strong>prodeunt</strong></span> <span class='ocrx_word' id='word_1_109' title='bbox 1086 2197 1169 2282; x_wconf 85' lang='lat' dir='ltr'><strong>ejus-</strong></span> 
     </span>
     <span class='ocr_line' id='line_1_17' title="bbox 193 2305 1168 2396; baseline 0.007 -27"><span class='ocrx_word' id='word_1_110' title='bbox 193 2307 291 2385; x_wconf 92' lang='lat' dir='ltr'><strong>modi,</strong></span> <span class='ocrx_word' id='word_1_111' title='bbox 314 2328 445 2394; x_wconf 90' lang='lat' dir='ltr'><strong>qnarnm</strong></span> <span class='ocrx_word' id='word_1_112' title='bbox 469 2308 508 2373; x_wconf 92' lang='lat' dir='ltr'><strong>ab</strong></span> <span class='ocrx_word' id='word_1_113' title='bbox 530 2308 575 2386; x_wconf 93' lang='lat' dir='ltr'><strong>iis,</strong></span> <span class='ocrx_word' id='word_1_114' title='bbox 597 2329 673 2396; x_wconf 90' lang='lat' dir='ltr'><strong>quos</strong></span> <span class='ocrx_word' id='word_1_115' title='bbox 688 2306 825 2393; x_wconf 79' lang='lat' dir='ltr'><strong>proxime</strong></span> <span class='ocrx_word' id='word_1_116' title='bbox 840 2305 1024 2373; x_wconf 86' lang='lat' dir='ltr'><strong>antecedens</strong></span> <span class='ocrx_word' id='word_1_117' title='bbox 1041 2330 1168 2376; x_wconf 88' lang='lat' dir='ltr'><strong>nuncu·</strong></span> 
     </span>
     <span class='ocr_line' id='line_1_18' title="bbox 192 2420 1167 2508; baseline 0.004 -26"><span class='ocrx_word' id='word_1_118' title='bbox 192 2420 317 2504; x_wconf 75' lang='lat' dir='ltr'><strong>paverit,</strong></span> <span class='ocrx_word' id='word_1_119' title='bbox 334 2441 474 2506; x_wconf 83' lang='lat' dir='ltr'><strong>quaeque</strong></span> <span class='ocrx_word' id='word_1_120' title='bbox 494 2421 674 2488; x_wconf 87' lang='lat' dir='ltr'><strong>celebretur.</strong></span> <span class='ocrx_word' id='word_1_121' title='bbox 719 2422 796 2486; x_wconf 87' lang='lat' dir='ltr'><strong>Nam</strong></span> <span class='ocrx_word' id='word_1_122' title='bbox 814 2421 959 2505; x_wconf 90' lang='lat' dir='ltr'><strong>primum,</strong></span> <span class='ocrx_word' id='word_1_123' title='bbox 983 2420 1116 2508; x_wconf 82' lang='lat' dir='ltr'><strong>singulis</strong></span> <span class='ocrx_word' id='word_1_124' title='bbox 1134 2423 1167 2486; x_wconf 93' lang='lat' dir='ltr'><strong>in</strong></span> 
     </span>
     <span class='ocr_line' id='line_1_19' title="bbox 191 2529 1166 2618; baseline 0.008 -26"><span class='ocrx_word' id='word_1_125' title='bbox 191 2529 457 2594; x_wconf 87' lang='lat' dir='ltr'><strong>communionibus</strong></span> <span class='ocrx_word' id='word_1_126' title='bbox 478 2531 613 2617; x_wconf 90' lang='lat' dir='ltr'><strong>singulos</strong></span> <span class='ocrx_word' id='word_1_127' title='bbox 627 2533 767 2616; x_wconf 86' lang='lat' dir='ltr'><strong>pluresve</strong></span> <span class='ocrx_word' id='word_1_128' title='bbox 777 2531 927 2596; x_wconf 91' lang='lat' dir='ltr'><strong>nominari</strong></span> <span class='ocrx_word' id='word_1_129' title='bbox 943 2544 1066 2618; x_wconf 90' lang='lat' dir='ltr'><strong>oportet</strong></span> <span class='ocrx_word' id='word_1_130' title='bbox 1077 2555 1166 2599; x_wconf 89' lang='lat' dir='ltr'><strong>man·</strong></span> 
     </span>
     <span class='ocr_line' id='line_1_20' title="bbox 188 2641 1167 2737; baseline 0.006 -31"><span class='ocrx_word' id='word_1_131' title='bbox 188 2641 659 2731; x_wconf 74' lang='lat' dir='ltr'><strong>datarios(Bevollmiobtigten);</strong></span> <span class='ocrx_word' id='word_1_132' title='bbox 676 2645 707 2710; x_wconf 91' lang='lat' dir='ltr'><strong>bi</strong></span> <span class='ocrx_word' id='word_1_133' title='bbox 726 2645 837 2711; x_wconf 91' lang='lat' dir='ltr'><strong>deinde</strong></span> <span class='ocrx_word' id='word_1_134' title='bbox 858 2646 1001 2710; x_wconf 90' lang='lat' dir='ltr'><strong>omnibus</strong></span> <span class='ocrx_word' id='word_1_135' title='bbox 1021 2669 1057 2712; x_wconf 85' lang='lat' dir='ltr'><strong>ex</strong></span> <span class='ocrx_word' id='word_1_136' title='bbox 1080 2651 1167 2737; x_wconf 87' lang='lat' dir='ltr'><strong>pagis</strong></span> 
     </span>
     <span class='ocr_line' id='line_1_21' title="bbox 187 2755 1166 2844; baseline 0.004 -23"><span class='ocrx_word' id='word_1_137' title='bbox 187 2755 357 2842; x_wconf 84' lang='lat' dir='ltr'><strong>congressi,</strong></span> <span class='ocrx_word' id='word_1_138' title='bbox 381 2777 485 2821; x_wconf 90' lang='lat' dir='ltr'><strong>coram</strong></span> <span class='ocrx_word' id='word_1_139' title='bbox 500 2757 658 2841; x_wconf 88' lang='lat' dir='ltr'><strong>judicibus</strong></span> <span class='ocrx_word' id='word_1_140' title='bbox 679 2768 731 2822; x_wconf 92' lang='lat' dir='ltr'><strong>aut</strong></span> <span class='ocrx_word' id='word_1_141' title='bbox 753 2757 904 2822; x_wconf 87' lang='lat' dir='ltr'><strong>ruralibus</strong></span> <span class='ocrx_word' id='word_1_142' title='bbox 927 2767 980 2823; x_wconf 87' lang='lat' dir='ltr'><strong>aut</strong></span> <span class='ocrx_word' id='word_1_143' title='bbox 999 2760 1166 2844; x_wconf 86' lang='lat' dir='ltr'><strong>superioris</strong></span> 
     </span>
     <span class='ocr_line' id='line_1_22' title="bbox 186 2867 1165 2956; baseline 0.009 -24"><span class='ocrx_word' id='word_1_144' title='bbox 186 2868 299 2933; x_wconf 89' lang='lat' dir='ltr'><strong>ordinis</strong></span> <span class='ocrx_word' id='word_1_145' title='bbox 322 2867 560 2956; x_wconf 88' lang='lat' dir='ltr'><strong>toparcbalibus,</strong></span> <span class='ocrx_word' id='word_1_146' title='bbox 586 2883 670 2937; x_wconf 91' lang='lat' dir='ltr'><strong>certo</strong></span> <span class='ocrx_word' id='word_1_147' title='bbox 689 2894 819 2936; x_wconf 91' lang='lat' dir='ltr'><strong>numero</strong></span> <span class='ocrx_word' id='word_1_148' title='bbox 837 2893 942 2936; x_wconf 87' lang='lat' dir='ltr'><strong>creare</strong></span> <span class='ocrx_word' id='word_1_149' title='bbox 960 2873 1062 2937; x_wconf 88' lang='lat' dir='ltr'><strong>solent</strong></span> <span class='ocrx_word' id='word_1_150' title='bbox 1083 2876 1165 2941; x_wconf 91' lang='lat' dir='ltr'><strong>elec-</strong></span> 
     </span>
     <span class='ocr_line' id='line_1_23' title="bbox 185 2984 1164 3070; baseline 0.007 -24"><span class='ocrx_word' id='word_1_151' title='bbox 185 2992 286 3059; x_wconf 89' lang='lat' dir='ltr'><strong>tores,</strong></span> <span class='ocrx_word' id='word_1_152' title='bbox 308 3005 375 3048; x_wconf 90' lang='lat' dir='ltr'><strong>eam</strong></span> <span class='ocrx_word' id='word_1_153' title='bbox 406 3005 594 3070; x_wconf 88' lang='lat' dir='ltr'><strong>unoquoque</strong></span> <span class='ocrx_word' id='word_1_154' title='bbox 612 2985 643 3049; x_wconf 90' lang='lat' dir='ltr'><strong>in</strong></span> <span class='ocrx_word' id='word_1_155' title='bbox 665 2984 782 3050; x_wconf 90' lang='lat' dir='ltr'><strong>circulo</strong></span> <span class='ocrx_word' id='word_1_156' title='bbox 805 2984 939 3048; x_wconf 89' lang='lat' dir='ltr'><strong>obituros</strong></span> <span class='ocrx_word' id='word_1_157' title='bbox 960 2985 1164 3066; x_wconf 89' lang='lat' dir='ltr'><strong>concionem,</strong></span> 
     </span>
     <span class='ocr_line' id='line_1_24' title="bbox 186 3095 1164 3182; baseline 0.01 -25"><span class='ocrx_word' id='word_1_158' title='bbox 186 3114 259 3178; x_wconf 89' lang='lat' dir='ltr'><strong>qua,</strong></span> <span class='ocrx_word' id='word_1_159' title='bbox 278 3095 387 3159; x_wconf 90' lang='lat' dir='ltr'><strong>ultimo</strong></span> <span class='ocrx_word' id='word_1_160' title='bbox 398 3096 521 3160; x_wconf 86' lang='lat' dir='ltr'><strong>tandem</strong></span> <span class='ocrx_word' id='word_1_161' title='bbox 541 3097 619 3177; x_wconf 89' lang='lat' dir='ltr'><strong>loeo,</strong></span> <span class='ocrx_word' id='word_1_162' title='bbox 635 3096 741 3182; x_wconf 90' lang='lat' dir='ltr'><strong>populi</strong></span> <span class='ocrx_word' id='word_1_163' title='bbox 753 3096 884 3182; x_wconf 88' lang='lat' dir='ltr'><strong>delegati</strong></span> <span class='ocrx_word' id='word_1_164' title='bbox 900 3097 1129 3165; x_wconf 88' lang='lat' dir='ltr'><strong>constituantur</strong></span> <span class='ocrx_word' id='word_1_165' title='bbox 1139 3101 1164 3168; x_wconf 80' lang='lat'><strong>³.</strong></span> 
     </span>
    </p>

    <p class='ocr_par' dir='ltr' id='par_1_4' title="bbox 182 3206 1164 3635">
     <span class='ocr_line' id='line_1_25' title="bbox 228 3206 1164 3294; baseline 0.009 -25"><span class='ocrx_word' id='word_1_166' title='bbox 228 3206 265 3270; x_wconf 93' lang='lat' dir='ltr'><strong>ln</strong></span> <span class='ocrx_word' id='word_1_167' title='bbox 287 3207 470 3292; x_wconf 84' lang='lat' dir='ltr'><strong>ecquidem</strong></span> <span class='ocrx_word' id='word_1_168' title='bbox 498 3209 606 3273; x_wconf 90' lang='lat' dir='ltr'><strong>ambae</strong></span> <span class='ocrx_word' id='word_1_169' title='bbox 626 3210 742 3294; x_wconf 87' lang='lat' dir='ltr'><strong>priores</strong></span> <span class='ocrx_word' id='word_1_170' title='bbox 762 3209 925 3275; x_wconf 86' lang='lat' dir='ltr'><strong>electiones</strong></span> <span class='ocrx_word' id='word_1_171' title='bbox 953 3212 1164 3291; x_wconf 78' lang='lat' dir='ltr'><strong>conveniunt,</strong></span> 
     </span>
     <span class='ocr_line' id='line_1_26' title="bbox 184 3317 1164 3407; baseline 0.01 -25"><span class='ocrx_word' id='word_1_172' title='bbox 184 3317 268 3404; x_wconf 89' lang='lat' dir='ltr'><strong>quod</strong></span> <span class='ocrx_word' id='word_1_173' title='bbox 289 3319 481 3384; x_wconf 87' lang='lat' dir='ltr'><strong>moderandis</strong></span> <span class='ocrx_word' id='word_1_174' title='bbox 495 3319 531 3384; x_wconf 90' lang='lat' dir='ltr'><strong>iis</strong></span> <span class='ocrx_word' id='word_1_175' title='bbox 549 3321 662 3385; x_wconf 89' lang='lat' dir='ltr'><strong>rurales</strong></span> <span class='ocrx_word' id='word_1_176' title='bbox 681 3321 842 3404; x_wconf 84' lang='lat' dir='ltr'><strong>majorisve</strong></span> <span class='ocrx_word' id='word_1_177' title='bbox 864 3319 976 3385; x_wconf 91' lang='lat' dir='ltr'><strong>ordinis</strong></span> <span class='ocrx_word' id='word_1_178' title='bbox 997 3324 1164 3407; x_wconf 84' lang='lat' dir='ltr'><strong>toparcha·</strong></span> 
     </span>
     <span class='ocr_line' id='line_1_27' title="bbox 182 3432 1163 3519; baseline 0.008 -22"><span class='ocrx_word' id='word_1_179' title='bbox 182 3433 226 3497; x_wconf 90' lang='lat' dir='ltr'><strong>les</strong></span> <span class='ocrx_word' id='word_1_180' title='bbox 240 3432 361 3517; x_wconf 89' lang='lat' dir='ltr'><strong>judiees</strong></span> <span class='ocrx_word' id='word_1_181' title='bbox 381 3434 540 3519; x_wconf 90' lang='lat' dir='ltr'><strong>praepositi</strong></span> <span class='ocrx_word' id='word_1_182' title='bbox 561 3433 713 3500; x_wconf 87' lang='lat' dir='ltr'><strong>habentur</strong></span> <span class='ocrx_word' id='word_1_183' title='bbox 732 3435 755 3501; x_wconf 75' lang='lat'><strong>⁴.</strong></span> <span class='ocrx_word' id='word_1_184' title='bbox 782 3434 901 3499; x_wconf 89' lang='lat' dir='ltr'><strong>Primae</strong></span> <span class='ocrx_word' id='word_1_185' title='bbox 920 3445 1024 3499; x_wconf 85' lang='lat' dir='ltr'><strong>antem</strong></span> <span class='ocrx_word' id='word_1_186' title='bbox 1046 3439 1163 3505; x_wconf 87' lang='lat' dir='ltr'><strong>solem·</strong></span> 
     </span>
     <span class='ocr_line' id='line_1_28' title="bbox 182 3545 1163 3635; baseline 0.01 -25"><span class='ocrx_word' id='word_1_187' title='bbox 182 3545 267 3611; x_wconf 86' lang='lat' dir='ltr'><strong>nitati</strong></span> <span class='ocrx_word' id='word_1_188' title='bbox 300 3545 446 3635; x_wconf 83' lang='lat' dir='ltr'><strong>(Urwnbl)</strong></span> <span class='ocrx_word' id='word_1_189' title='bbox 477 3546 580 3612; x_wconf 84' lang='lat' dir='ltr'><strong>selecti</strong></span> <span class='ocrx_word' id='word_1_190' title='bbox 612 3548 691 3612; x_wconf 79' lang='lat' dir='ltr'><strong>cives</strong></span> <span class='ocrx_word' id='word_1_191' title='bbox 719 3548 871 3634; x_wconf 85' lang='lat' dir='ltr'><strong>cujusque</strong></span> <span class='ocrx_word' id='word_1_192' title='bbox 896 3548 1060 3634; x_wconf 86' lang='lat' dir='ltr'><strong>municipii</strong></span> <span class='ocrx_word' id='word_1_193' title='bbox 1087 3552 1163 3620; x_wconf 82' lang='lat' dir='ltr'><strong>fun·</strong></span> 
     </span>
    </p>
   </div>
   <div class='ocr_carea' id='block_1_3' title="bbox 180 3756 1164 4196">
    <p class='ocr_par' dir='ltr' id='par_1_5' title="bbox 180 3756 1164 3918">
     <span class='ocr_line' id='line_1_29' title="bbox 216 3756 1164 3829; baseline 0.003 -21"><span class='ocrx_word' id='word_1_194' title='bbox 216 3757 223 3790; x_wconf 94' lang='lat'><strong>¹</strong></span> <span class='ocrx_word' id='word_1_195' title='bbox 241 3759 314 3808; x_wconf 80' lang='lat' dir='ltr'><strong>Ediot.</strong></span> <span class='ocrx_word' id='word_1_196' title='bbox 330 3758 359 3807; x_wconf 86' lang='lat' dir='ltr'><strong>de</strong></span> <span class='ocrx_word' id='word_1_197' title='bbox 375 3775 439 3806; x_wconf 77' lang='lat' dir='ltr'><strong>nnn.</strong></span> <span class='ocrx_word' id='word_1_198' title='bbox 460 3766 534 3806; x_wconf 86' lang='lat' dir='ltr'><strong>const.</strong></span> <span class='ocrx_word' id='word_1_199' title='bbox 550 3761 574 3807; x_wconf 79' lang='lat' dir='ltr'><strong>et</strong></span> <span class='ocrx_word' id='word_1_200' title='bbox 588 3758 649 3807; x_wconf 77' lang='lat' dir='ltr'><strong>adin.</strong></span> <span class='ocrx_word' id='word_1_201' title='bbox 671 3759 688 3807; x_wconf 92' lang='lat' dir='ltr'><strong>l.</strong></span> <span class='ocrx_word' id='word_1_202' title='bbox 707 3776 729 3806; x_wconf 84' lang='lat' dir='ltr'><strong>c.</strong></span> <span class='ocrx_word' id='word_1_203' title='bbox 747 3756 762 3824; x_wconf 65' lang='lat' dir='ltr'><strong>b</strong></span> <span class='ocrx_word' id='word_1_204' title='bbox 779 3756 838 3821; x_wconf 86' lang='lat'><strong>107,</strong></span> <span class='ocrx_word' id='word_1_205' title='bbox 854 3758 911 3808; x_wconf 84' lang='lat' dir='ltr'><strong>coll.</strong></span> <span class='ocrx_word' id='word_1_206' title='bbox 935 3758 1006 3808; x_wconf 82' lang='lat' dir='ltr'><strong>edict.</strong></span> <span class='ocrx_word' id='word_1_207' title='bbox 1024 3762 1054 3820; x_wconf 85' lang='lat' dir='ltr'><strong>de</strong></span> <span class='ocrx_word' id='word_1_208' title='bbox 1071 3767 1164 3829; x_wconf 70' lang='lat' dir='ltr'><strong>jriried.</strong></span> 
     </span>
     <span class='ocr_line' id='line_1_30' title="bbox 180 3848 587 3918; baseline 0 -19"><span class='ocrx_word' id='word_1_209' title='bbox 180 3850 273 3914; x_wconf 81' lang='lat' dir='ltr'><strong>patriar.</strong></span> <span class='ocrx_word' id='word_1_210' title='bbox 289 3851 321 3918; x_wconf 64' lang='lat' dir='ltr'><strong>§q</strong></span> <span class='ocrx_word' id='word_1_211' title='bbox 336 3849 379 3913; x_wconf 86' lang='lat' dir='ltr'><strong>8t,</strong></span> <span class='ocrx_word' id='word_1_212' title='bbox 396 3867 448 3914; x_wconf 82' lang='lat' dir='ltr'><strong>sqq.</strong></span> <span class='ocrx_word' id='word_1_213' title='bbox 465 3860 489 3899; x_wconf 82' lang='lat' dir='ltr'><strong>et</strong></span> <span class='ocrx_word' id='word_1_214' title='bbox 501 3851 515 3915; x_wconf 67' lang='lat' dir='ltr'><strong>p</strong></span> <span class='ocrx_word' id='word_1_215' title='bbox 529 3848 587 3899; x_wconf 86' lang='lat'>106.</span> 
     </span>
    </p>

    <p class='ocr_par' dir='ltr' id='par_1_6' title="bbox 213 3939 931 4009">
     <span class='ocr_line' id='line_1_31' title="bbox 213 3939 931 4009; baseline 0 -19"><span class='ocrx_word' id='word_1_216' title='bbox 213 3943 223 3974; x_wconf 82' lang='lat'><strong>²</strong></span> <span class='ocrx_word' id='word_1_217' title='bbox 241 3943 314 3992; x_wconf 75' lang='lat' dir='ltr'><strong>ttici.</strong></span> <span class='ocrx_word' id='word_1_218' title='bbox 332 3943 360 3992; x_wconf 85' lang='lat' dir='ltr'><strong>de</strong></span> <span class='ocrx_word' id='word_1_219' title='bbox 377 3959 441 3992; x_wconf 80' lang='lat' dir='ltr'><strong>mun.</strong></span> <span class='ocrx_word' id='word_1_220' title='bbox 457 3952 533 3991; x_wconf 81' lang='lat' dir='ltr'><strong>ronst.</strong></span> <span class='ocrx_word' id='word_1_221' title='bbox 550 3952 574 3991; x_wconf 86' lang='lat' dir='ltr'><strong>et</strong></span> <span class='ocrx_word' id='word_1_222' title='bbox 592 3942 654 3991; x_wconf 84' lang='lat' dir='ltr'><strong>adm.</strong></span> <span class='ocrx_word' id='word_1_223' title='bbox 675 3944 692 3991; x_wconf 72' lang='lat' dir='ltr'><strong>l,</strong></span> <span class='ocrx_word' id='word_1_224' title='bbox 708 3961 730 3993; x_wconf 89' lang='lat' dir='ltr'><strong>c.</strong></span> <span class='ocrx_word' id='word_1_225' title='bbox 746 3943 779 4009; x_wconf 64' lang='lat' dir='ltr'><strong>§p</strong></span> <span class='ocrx_word' id='word_1_226' title='bbox 796 3942 854 4005; x_wconf 86' lang='lat'><strong>117,</strong></span> <span class='ocrx_word' id='word_1_227' title='bbox 873 3939 931 3991; x_wconf 82' lang='lat'>118.</span> 
     </span>
    </p>

    <p class='ocr_par' dir='ltr' id='par_1_7' title="bbox 213 4035 688 4103">
     <span class='ocr_line' id='line_1_32' title="bbox 213 4035 688 4103; baseline 0 -18"><span class='ocrx_word' id='word_1_228' title='bbox 213 4037 222 4065; x_wconf 86' lang='lat'><strong>³</strong></span> <span class='ocrx_word' id='word_1_229' title='bbox 241 4037 312 4085; x_wconf 84' lang='lat' dir='ltr'><strong>lidict.</strong></span> <span class='ocrx_word' id='word_1_230' title='bbox 330 4036 359 4085; x_wconf 84' lang='lat' dir='ltr'><strong>de</strong></span> <span class='ocrx_word' id='word_1_231' title='bbox 376 4053 444 4085; x_wconf 86' lang='lat' dir='ltr'><strong>conr.</strong></span> <span class='ocrx_word' id='word_1_232' title='bbox 463 4037 513 4085; x_wconf 88' lang='lat' dir='ltr'><strong>ord.</strong></span> <span class='ocrx_word' id='word_1_233' title='bbox 532 4038 557 4085; x_wconf 83' lang='lat' dir='ltr'><strong>T.</strong></span> <span class='ocrx_word' id='word_1_234' title='bbox 576 4038 596 4100; x_wconf 89' lang='lat' dir='ltr'><strong>l,</strong></span> <span class='ocrx_word' id='word_1_235' title='bbox 618 4035 688 4103; x_wconf 57' lang='grc' dir='ltr'><strong>ΠΙ.</strong></span> 
     </span>
    </p>

    <p class='ocr_par' dir='ltr' id='par_1_8' title="bbox 208 4128 540 4196">
     <span class='ocr_line' id='line_1_33' title="bbox 208 4128 540 4196; baseline 0 -18"><span class='ocrx_word' id='word_1_236' title='bbox 208 4128 216 4162; x_wconf 65' lang='lat'><strong>⁵</strong></span> <span class='ocrx_word' id='word_1_237' title='bbox 235 4129 294 4180; x_wconf 88' lang='lat' dir='ltr'><strong>lbid.</strong></span> <span class='ocrx_word' id='word_1_238' title='bbox 313 4130 332 4177; x_wconf 94' lang='lat' dir='ltr'><strong>l.</strong></span> <span class='ocrx_word' id='word_1_239' title='bbox 348 4146 368 4176; x_wconf 93' lang='lat' dir='ltr'><strong>c.</strong></span> <span class='ocrx_word' id='word_1_240' title='bbox 386 4129 400 4196; x_wconf 59' lang='lat' dir='ltr'><strong>q</strong></span> <span class='ocrx_word' id='word_1_241' title='bbox 417 4129 468 4178; x_wconf 85' lang='lat' dir='ltr'><strong>eod.</strong></span> <span class='ocrx_word' id='word_1_242' title='bbox 482 4130 507 4177; x_wconf 89' lang='lat' dir='ltr'><strong>in</strong></span> <span class='ocrx_word' id='word_1_243' title='bbox 524 4131 540 4178; x_wconf 89' lang='lat' dir='ltr'><strong>l.</strong></span> 
     </span>
    </p>
   </div>
   <div class='ocr_carea' id='block_1_4' title="bbox 0 0 1374 4740">
    <p class='ocr_par' dir='ltr' id='par_1_9' title="bbox 0 0 1374 4740">
     <span class='ocr_line' id='line_1_34' title="bbox 0 0 1374 4740; baseline 0 7"><span class='ocrx_word' id='word_1_244' title='bbox 0 0 1374 4740; x_wconf 95' lang='lat' dir='ltr'><strong> </strong></span> 
     </span>
    </p>
   </div>
  </div>
 </body>
</html>
