2738 4740
606 376 648 439 39

143 568 209 623 tum
233 547 421 626 successibus
446 560 631 637 clarissima,
656 580 692 624 eo
714 560 865 626 coutinuis
889 560 1021 628 victoriis
1043 583 1112 646 per·

143 675 285 757 venisset,
313 687 347 740 ut
374 676 413 740 de
442 674 580 762 singulis,
610 675 722 760 quibua
752 675 914 742 Germania
945 677 1110 756 constabat,

141 789 314 856 nationibus
336 812 392 876 pro
412 788 539 854 arbitrio
556 798 676 854 tantum
696 811 758 854 non
775 788 953 876 disponendi
972 792 1112 858 libertate

141 912 290 970 uteretur.
335 905 404 986 Qua
428 904 461 968 in
484 925 519 968 re
541 902 645 967 nescio
665 923 736 967 sane
755 924 794 966 an
816 903 885 988 plus
904 903 994 969 etiam
1015 925 1110 991 quam

139 1037 308 1093 armorum,
326 1025 396 1080 utut
414 1013 612 1090 admirabilia,
633 1013 770 1092 felicitas,
789 1014 826 1078 ad
847 1014 1010 1080 vincendos
1024 1019 1111 1081 Ger-

139 1150 244 1194 manos
254 1128 376 1194 dolosae
386 1130 587 1204 Francorum,
596 1149 808 1193 aarousorrrrs
819 1127 1009 1213 praesertim,
1025 1127 1111 1194 ducis

139 1243 298 1327 ipsorum,
322 1262 391 1305 mox
424 1239 634 1325 imperatoris,
669 1240 821 1306 valuerint
852 1238 1111 1318 machinationes,

138 1355 218 1419 illud
242 1364 362 1420 tantum
392 1353 568 1440 agentium,
598 1365 634 1419 ut
655 1354 758 1441 jurgia
784 1356 867 1419 inter
890 1356 987 1420 varios
1014 1377 1112 1441 popu·

139 1470 185 1533 los
226 1467 454 1554 discordiasque
495 1467 653 1532 excitando
702 1469 908 1554 excitatosque
949 1468 1114 1556 diligenter

140 1582 260 1658 alendo,
284 1582 444 1668 separatim
465 1603 538 1647 oum
560 1581 689 1669 singulis
709 1581 903 1666 paciscendo,
925 1580 1111 1647 blandiendo

140 1695 271 1760 vicissim
294 1717 331 1760 ac
351 1693 543 1771 minitando,
564 1694 598 1758 in
623 1716 691 1759 suas
713 1693 850 1780 denique
870 1705 970 1779 partes
995 1693 1112 1760 callidis

138 1807 386 1891 promissionibus
417 1806 579 1885 trahendo,
611 1831 627 1872 a
663 1808 835 1872 communia
864 1807 908 1873 rei
934 1807 1112 1872 defensione

137 1920 253 1984 animos
274 1941 382 1984 eorum
405 1930 578 1985 averterent
604 1919 707 2008 deque
726 1919 848 2005 propria
876 1919 988 1985 tuenda
1012 1921 1111 1986 saluto

137 2036 230 2102 unice
246 2045 393 2123 cogerent
410 2057 473 2100 esse
492 2035 639 2100 sollicitos
658 2034 681 2100 ¹.
726 2034 831 2116 Quum
854 2034 936 2100 enim
955 2034 994 2099 ad
1013 2035 1108 2098 Pran-

137 2169 244 2213 corum
273 2171 321 2213 res
351 2159 417 2213 tum
447 2170 539 2213 noras
574 2147 759 2234 agitantium
791 2146 1005 2213 refrenandam
1037 2167 1109 2231 pro·

136 2263 318 2340 territatem,
336 2262 454 2327 bellum
468 2261 587 2346 junctis
603 2261 730 2338 viribus,
742 2263 882 2326 Austriae
898 2283 935 2327 nc
951 2260 1109 2327 Borussiae

136 2376 308 2462 principes,
328 2398 410 2440 anno
430 2376 496 2460 jam
521 2377 623 2452 1792,
642 2376 841 2461 suscepissent
859 2374 873 2418 ²
895 2377 992 2462 inque
1015 2374 1109 2461 hujus

137 2488 253 2554 consilii
282 2489 456 2555 societatem
483 2512 554 2554 mox
573 2489 741 2575 imperium
761 2488 983 2554 Germanicum
999 2489 1108 2555 renis·

136 2614 180 2668 set
196 2601 220 2679 3,
240 2600 302 2666 voti
323 2600 369 2664 illi
395 2603 526 2667 suitam
548 2624 658 2688 parum
680 2612 836 2688 compotes
858 2602 930 2668 fecti
956 2613 1040 2679 sunt,
1061 2612 1107 2679 ut,

135 2739 190 2802 per
219 2715 387 2780 triennium
418 2738 452 2782 re
475 2716 637 2781 infeliciter
671 2726 771 2803 gesta,
805 2715 991 2802 quibuscum
1018 2727 1107 2781 antea

135 2830 183 2893 rel
206 2828 317 2914 pacisci
342 2829 427 2894 nefas
447 2828 595 2902 duxisset,
613 2851 686 2895 cum
702 2827 749 2893 bis
766 2851 817 2894 rex
827 2829 985 2893 Borussiae
999 2849 1107 2914 pacem

136 2962 191 3004 suo
219 2950 315 3005 marte
337 2941 441 3005 inierit
469 2941 636 3026 ejusmodi,
666 2965 728 3030 qua
764 2954 829 3007 tum
860 2942 926 3008 aliis
957 2942 1108 3006 damnosis

137 3051 361 3117 conditionibus
378 3053 606 3139 acquiesceret,
631 3065 698 3118 tum
718 3077 807 3141 agros
826 3078 895 3120 suos
914 3053 1105 3119 transrhena-

138 3185 192 3228 nos
215 3165 337 3229 Francis
362 3167 554 3252 occupandos
574 3166 612 3231 ad
636 3189 744 3252 pacem
761 3188 861 3253 usquc
882 3168 1016 3231 futuram
1039 3167 1105 3230 lm-

138 3276 211 3361 perii
234 3276 422 3361 permitteret
440 3281 463 3345 ⁴.
493 3281 566 3344 lllor
588 3281 708 3367 gravius
725 3280 821 3346 fotum
841 3279 952 3366 obtigit
969 3280 1104 3345 dustria·

137 3392 199 3468 cis,
221 3413 327 3476 pacem
347 3392 496 3459 redimere
521 3394 617 3480 Belgii
637 3405 731 3480 atque
753 3393 951 3458 Lombardiae
971 3394 1105 3458 cessione

173 3616 178 3648 ¹
198 3620 308 3677 Ktirsst,
326 3618 470 3666 Stsstsrecbt
487 3619 528 3665 des
546 3618 724 3679 llbeinbundes‚
742 3620 756 3667 ft
772 3617 815 3679 58,
831 3629 881 3667 not.
893 3621 917 3667 b.

169 3711 178 3742 ²
196 3713 225 3760 G.
243 3713 267 3759 F.
286 3724 316 3758 nt
334 3712 452 3772 mussas,
471 3712 568 3760 llecosil
585 3711 626 3760 des
645 3714 783 3774 principans
799 3713 898 3774 Trsitss,
916 3715 941 3761 T.
954 3714 979 3774 l,
997 3730 1019 3775 p.
1038 3710 1081 3760 35.

171 3803 240 3852 ³ltie
263 3804 354 3852 scilicet
371 3802 405 3851 22
423 3821 454 3852 m.
478 3806 546 3852 ttsrt.
568 3821 590 3851 a.
610 3802 685 3853 1793.
710 3806 737 3854 l.
754 3820 779 3854 Ι.
797 3821 817 3853 r.
836 3820 943 3870 suntor,
964 3805 1103 3855 Gesolticbte

134 3897 174 3944 der
191 3897 332 3959 Tautantum,
349 3898 481 3946 continuat.
501 3898 530 3942 ab
548 3912 566 3943 s.
586 3910 726 3960 trustem,
741 3900 766 3946 V.
779 3900 843 3960 xxt,
856 3898 943 3967 (1807)
962 3919 985 3963 p.
996 3898 1038 3963 22,
1049 3918 1103 3965 sqq.

173 3989 252 4039 ‘Fuit
268 3991 327 4040 boec
351 4009 395 4055 psi
418 3992 570 4054 basiliensis,
595 3992 618 4040 d.
639 3992 662 4042 5.
682 3997 735 4055 lpr.
755 4011 775 4039 ι.
799 3992 872 4044 1795,
892 4009 1003 4059 nitreas,
1028 4014 1065 4061 op.
1084 3998 1102 4046 l.

135 4086 159 4131 r.
179 4086 217 4146 rr,
235 4103 257 4147 p.
277 4084 334 4132 tos.
