2738 4740
620 455 679 518 137

173 649 268 715 retae,
282 657 344 724 qua
365 648 450 723 parte
474 637 676 722 sipeceatum
701 636 793 700 tuisse
820 634 1070 721 deprehenderit,
1088 637 1132 703 sic

174 759 289 814 tantum
309 746 515 814 instaurandas
538 768 601 812 esse
619 746 780 813 electiones
799 745 871 811 licet
887 749 915 812 ei
930 748 1094 815 decernere
1106 750 1130 814 ¹.

171 860 222 924 lut
237 882 309 925 vero
333 860 387 924 ille
408 857 631 924 commissarius
652 858 678 921 is
697 856 908 945 magistratus,
930 861 1003 947 qui,
1027 882 1131 949 regem

169 974 249 1038 inter
268 984 298 1037 et
319 983 485 1038 conventus
501 970 699 1056 provinciales
721 970 914 1056 interpositus
932 971 994 1060 (die
1007 974 1131 1037 Mittels·

169 1108 278 1172 person
296 1085 371 1150 aller
389 1082 659 1169 Verbandlungen)
683 1082 721 1148 ad
734 1082 854 1167 jussum
869 1084 965 1170 regis,
989 1105 1068 1171 quae
1082 1083 1132 1150 hie

170 1196 313 1262 ordinum
334 1194 540 1260 deliberationi
565 1192 761 1279 proponenda
783 1194 951 1271 existimet,
972 1195 1008 1259 iis
1033 1195 1133 1280 subji-

171 1311 241 1374 cere
267 1319 360 1394 atque
389 1306 520 1371 invicem
543 1307 636 1372 iactas
653 1307 693 1372 ab
713 1307 785 1392 ipsis
804 1306 1037 1392 declarationes,
1058 1308 1131 1375 lata·

171 1444 241 1486 rum
261 1421 479 1487 sententiarum
502 1421 718 1507 expositiones,
750 1431 882 1486 caeteras
902 1421 1034 1508 denique
1057 1443 1133 1507 pro·

170 1534 352 1621 positiones,
379 1534 533 1621 querelas,
559 1533 792 1621 supplicationes
811 1534 950 1620 accipere
969 1534 1069 1622 adque
1083 1557 1132 1600 re-

172 1668 242 1733 gem
269 1648 401 1731 perferre
428 1655 567 1711 teneatur
587 1645 612 1710 ².
653 1645 795 1731 Ejusdem
826 1657 887 1725 est,
917 1647 1034 1733 quoties
1061 1647 1133 1712 iniri

171 1767 337 1822 conventus
352 1756 461 1838 debet,
484 1755 626 1821 ordinum
644 1757 759 1844 legatos
776 1757 886 1822 idoneo
900 1768 1037 1844 tempore
1057 1779 1131 1825 con·

170 1889 294 1951 vocare,
316 1870 387 1955 ipsis
406 1879 510 1933 autem
529 1868 746 1951 concionibus,
769 1881 836 1954 post
849 1892 934 1937 sacra
951 1872 1130 1936 solemniter

168 1992 304 2070 peraeta,
332 1981 501 2068 auspicari,
531 1993 597 2047 tum
621 2003 748 2070 quoque
775 1982 868 2049 finem
893 1985 932 2048 iis
955 1985 1130 2069 imponere,

168 2116 270 2159 rerum
289 2115 379 2178 porro
401 2095 440 2159 ab
461 2093 615 2158 ordinibus
639 2106 790 2180 gestarum
820 2097 1016 2179 perscriptam
1043 2116 1132 2159 com-

168 2205 417 2269 memorationem
446 2206 510 2292 regi
536 2206 713 2271 tradendam
737 2227 862 2286 curare,
894 2216 1060 2284 conventus
1082 2227 1130 2271 re·

169 2338 302 2396 cessum,
324 2317 379 2404 qui
398 2317 510 2383 dicitur
528 2315 842 2406 (Landtagsabschied)
864 2318 936 2383 inde
962 2341 1033 2383 cum
1052 2318 1131 2385 ordi·

168 2431 259 2493 nibus
274 2431 577 2511 communicandum,
595 2429 634 2496 ad
652 2431 805 2516 publicam
824 2418 962 2496 notitiam
984 2431 1130 2518 perferre.

167 2541 244 2627 Ipsis
263 2539 344 2606 haud
363 2541 490 2607 interest
516 2543 802 2622 consultationibus,
836 2566 942 2610 rerum
960 2545 1129 2613 libertasei

168 2655 301 2740 suppetit
327 2655 454 2743 rogandi
486 2667 521 2720 ut
550 2656 711 2723 audiantur
746 2678 962 2746 quaecumque
990 2659 1130 2726 concioni

166 2765 373 2832 adnuntianda
387 2765 619 2854 habeatneque
640 2791 701 2833 non
723 2771 847 2834 selectos
872 2769 1013 2834 ordinum
1036 2770 1130 2836 socios

166 2879 205 2945 ad
225 2902 288 2944 sese
302 2879 472 2946 arcessendi
487 2891 541 2946 aut
556 2881 660 2947 missos
673 2881 713 2946 ab
728 2880 885 2947 ordinibus
900 2880 1074 2966 recipiendi.
1097 2880 1129 2946 Si

169 2992 245 3077 quid
262 3004 322 3075 est,
342 3015 422 3079 quo,
439 3016 542 3059 rerum
559 3016 681 3061 suarum
698 2995 754 3060 rite
765 2994 1041 3081 pertractandarum
1058 3016 1130 3081 gra-

169 3103 232 3185 tit,
252 3105 388 3192 indigere
401 3108 459 3172 sibi
473 3108 591 3174 ordines
608 3109 779 3186 videantur,
794 3107 853 3174 hoc
870 3118 904 3172 ut
919 3127 1024 3172 secum
1045 3127 1129 3171 com·

169 3216 354 3303 muniretur,
370 3220 410 3285 ab
426 3242 463 3286 eo
473 3222 537 3286 solo
545 3222 724 3310 magistratu
740 3232 844 3307 petere
857 3222 895 3286 iis
905 3217 1092 3308 permittitur
1104 3216 1128 3285 ³.

205 3476 279 3525 ἰιι
297 3475 326 3524 de
343 3475 427 3524 urant.
447 3474 528 3543 §28,
550 3477 579 3526 de
596 3480 650 3527 Bor.
667 3477 682 3544 p
697 3475 748 3541 28,
771 3478 801 3526 de
819 3479 907 3527 Pomer.
925 3475 939 3544 §
960 3473 1012 3538 27,
1035 3474 1065 3524 de
1082 3474 1129 3524 ut.

168 3586 203 3633 pr.
217 3569 235 3634 ᾗ
250 3566 299 3631 28,
317 3569 346 3617 de
362 3568 555 3636 westpb.§28,
577 3570 606 3619 de
624 3570 779 3636 rons.p2t‚
795 3571 892 3620 ass-x.
907 3569 921 3638 p
935 3568 977 3619 28.

202 3661 280 3711 ἰιι
294 3660 323 3709 de
338 3660 425 3710 brand.
440 3661 454 3727 ᾗ
468 3659 662 3725 aaronem..
684 3662 699 3728 d
719 3661 767 3725 35,
785 3663 813 3711 de
828 3664 917 3712 Ponet.
938 3660 1018 3729 334,
1035 3660 1064 3707 do
1083 3658 1130 3708 llb.

168 3773 203 3819 pr.
221 3755 235 3820 d
256 3752 303 3818 35,
321 3755 350 3803 de
365 3752 467 3817 westph.
488 3754 502 3820 ᾗ
520 3753 567 3817 35,
585 3755 615 3803 de
637 3756 705 3803 Pota.
720 3754 734 3820 §
748 3753 794 3815 34,
812 3756 841 3803 ds
857 3753 993 3820 Sax.§3⁵.

203 3846 420 3897 'Lexdellrand
436 3848 462 3914 dd
478 3846 530 3909 32,
547 3846 595 3910 34,
614 3846 657 3909 36,
673 3846 714 3908 37,
738 3847 767 3895 de
783 3849 836 3897 Bor.
851 3846 936 3915 pm,
954 3845 1002 3907 34,
1019 3841 1070 3906 36,
1088 3841 1130 3906 37,

168 3940 198 3990 de
218 3942 306 3991 Poner.
326 3941 414 4009 3331,
438 3941 485 4005 33,
505 3939 554 4002 35,
573 3938 616 4006 36,
641 3940 670 3988 de
688 3940 764 3989 ntea.
781 3958 815 4004 pr.
834 3941 862 4008 §d
876 3938 928 4004 32,
952 3939 1001 4001 34,
1016 3935 1067 3998 36,
1088 3934 1131 3996 37,

169 4035 198 4083 de
215 4035 317 4099 Westph.
331 4035 360 4102 §§
375 4033 424 4095 32,
443 4032 491 4096 34,
508 4032 552 4096 36,
567 4031 610 4094 37,
631 4031 660 4081 de
676 4033 746 4082 Posn.
772 4033 800 4100 §d
821 4032 870 4098 31,
892 4032 938 4099 33,
955 4031 1007 4096 35,
1031 4025 1075 4094 36,
1102 4026 1132 4076 d·

110 4111 112 4114 ‘
170 4122 524 4194 s11.§§32,3t,36,37.
