2738 4740
556 451 774 524 'tta'

196 667 350 726 normam,
379 645 510 713 Ordines
537 646 736 732 provinciales
755 645 874 710 institui
897 645 1022 731 jubere:
1053 664 1160 713 eorum

114 760 118 767 ’
195 770 314 840 autern,
341 782 421 849 quae
446 783 465 826 a
492 760 614 824 selectis
641 759 713 824 viris
740 757 929 846 peritissimis
948 760 1083 845 subjecta
1103 759 1162 825 sibi

194 875 335 952 fucrant,
359 876 477 941 rationo
496 871 614 951 habita„
634 871 725 938 hasce
742 893 808 937 esse
826 870 984 957 primarias
1004 883 1162 959 tamquam

195 986 277 1074 leges
297 987 486 1073 recipiendas
505 986 535 1050 ¹:

238 1099 265 1180 1)
286 1100 328 1164 Ut
347 1096 478 1163 Ordines
502 1096 704 1182 provinciales
729 1093 763 1158 in
784 1115 880 1182 regno
900 1094 1060 1160 borussico
1077 1096 1164 1160 insti-

196 1223 321 1277 tuautur
340 1211 371 1291 2;
404 1212 448 1295 ΙΙ)
470 1221 505 1274 ut
533 1231 678 1296 agrorum
698 1207 869 1274 dominium
894 1208 1001 1294 adjus
1021 1208 1164 1276 ordinum

197 1322 448 1408 consequendum
467 1323 641 1408 requiratur
659 1322 689 1403 3;
712 1321 769 1409 ΙΠ)
792 1335 827 1388 ut
842 1324 902 1389 illis
929 1324 1165 1410 provincialibus

197 1432 371 1512 ordinibus,
397 1444 552 1519 mmquam
577 1433 720 1521 legitimis
745 1435 879 1520 patronis
902 1445 1027 1501 utantur
1051 1434 1165 1500 civium

196 1544 1168 1634 borussiconrminsingulisprorinciisvariaeclasseqquaprop·

198 1669 255 1735 ter,
268 1658 414 1745 utlegum
424 1658 589 1745 specimina
600 1657 749 1737 omnium,
765 1680 846 1745 quae
852 1659 1023 1724 universam
1032 1660 1166 1747 aliquam

197 1768 384 1856 provinciam
398 1779 588 1856 spectaturus
598 1770 674 1848 sint,
688 1767 818 1854 hujusce
833 1769 989 1836 ordinibus
1000 1770 1167 1856 subjician-

197 1894 247 1946 tur
264 1881 296 1960 Ι,
318 1879 417 1948 donec
429 1881 611 1948 universales
622 1894 789 1948 conventus
800 1885 902 1971 coepti
914 1884 1028 1950 fuerint
1042 1883 1164 1964 baberi3

196 1995 377 2082 tumlegum
392 1995 610 2061 urrirersalium
624 2017 730 2061 earum
743 1997 925 2082 specimina,
946 1999 1058 2084 quibus
1071 1999 1103 2063 in
1113 1997 1168 2082 ju·

196 2109 277 2173 rium
294 2106 487 2188 conditione,
515 2109 578 2174 siro
598 2108 820 2195 personalium,
840 2109 903 2174 siro
924 2110 1053 2175 realium
1071 2112 1168 2196 inque

197 2222 318 2288 tributis
329 2232 360 2287 et
370 2221 568 2309 vectigalibus
581 2222 764 2288 mutationes
775 2222 1004 2301 contineantur,
1018 2234 1169 2310 quotenne

196 2333 234 2400 ad
251 2334 439 2419 provinciam
453 2334 642 2418 pertineant,
657 2333 797 2399 similiter
806 2333 974 2400 Ordinibus
983 2336 1168 2402 submittan-

197 2457 248 2510 tur
268 2445 299 2525 ⁵;
327 2466 418 2531 porro
447 2467 554 2530 preces
580 2457 611 2510 et
634 2445 778 2532 querelae
806 2445 846 2511 do
879 2447 970 2511 totius
993 2447 1169 2533 provinciae

197 2571 250 2626 aut
269 2561 363 2646 partis
382 2559 464 2624 illius
483 2562 581 2626 salute
600 2571 631 2625 et
649 2559 834 2640 commodis,
855 2561 895 2626 ab
908 2560 1076 2627 Ordinibus
1095 2584 1166 2649 pro·

197 2675 377 2741 rincialibus
401 2674 527 2753 missae,
557 2696 662 2759 asese
683 2675 870 2761 recipiantur
898 2686 928 2740 et
957 2676 1168 2742 examinentur

197 2786 297 2874 deque
314 2788 351 2851 iis
376 2786 534 2871 responsio·
553 2808 571 2852 a
595 2808 659 2851 sese
676 2785 715 2851 ad
737 2785 867 2852 Ordines
885 2788 1063 2872 perferenda
1080 2810 1170 2869 pure·

198 2910 249 2964 tur
269 2900 300 2977 6;
337 2898 472 2984 denique
507 2898 708 2984 municipales
740 2899 931 2984 quaestiones
965 2899 1167 2987 (communal-

198 3008 484 3097 angelegenbeiten)
506 3011 539 3075 in
552 3010 680 3098 singulis
694 3008 858 3095 provinciis
871 3006 1023 3074 Ordinum
1039 3008 1168 3076 decretis
1237 2994 1248 3012 ’

199 3121 442 3198 committantur,
464 3124 549 3210 regia
570 3120 788 3207 adprobatione
806 3120 1022 3187 confirmandis
1038 3120 1064 3186 ⁷.

242 3232 431 3319 Adjunctum
450 3235 490 3299 iri
505 3233 578 3300 huic
594 3235 656 3321 legi
675 3233 838 3300 universali
854 3233 1022 3321 singulares
1037 3232 1076 3299 de
1093 3257 1169 3301 una-

200 3368 324 3434 quaque
340 3346 495 3430 provincii
507 3347 599 3433 leges,
610 3347 723 3433 quibus
736 3345 879 3412 ordinum
890 3347 977 3423 ratio,
991 3349 1169 3433 compositio

197 3459 321 3543 aliaque
334 3454 396 3522 buc
413 3457 597 3543 pertinentia
613 3457 811 3525 describenda
830 3459 907 3537 sint,
933 3457 1075 3544 deinceps
1096 3481 1171 3546 pro·

199 3570 367 3649 nuntiatur,
378 3570 490 3657 quibus
499 3572 691 3659 legibussiin
702 3586 856 3660 posterum
866 3572 1049 3638 mutationes
1058 3573 1171 3640 utiliter

234 3775 242 3808 ¹
260 3777 309 3826 Lex
326 3779 393 3827 nair.
411 3777 441 3826 ds
457 3776 528 3829 Ordd.
546 3779 614 3829 Pros.
630 3777 710 3830 Oeam.
723 3796 825 3844 prooem,

233 3866 318 3922 ’bad
337 3870 355 3918 l.
373 3871 413 3920 tte.
432 3871 452 3921 Ι.
688 3870 772 3921 ’barb
789 3873 807 3920 l.
826 3872 867 3921 ΙΙΙ.
885 3873 917 3921 ΙΙ.

232 3961 244 3994 ⁴
260 3964 309 4012 ber
325 3964 392 4014 uois.
409 3963 439 4014 ds
453 3963 524 4015 Ordd.
542 3966 610 4016 Pror.
626 3965 726 4015 Constit.
745 3966 786 4015 ΙΙΙ.
802 3965 847 4027 ΙΙΙ,
867 3963 891 4014 l.

234 4057 245 4087 ⁵
264 4057 322 4107 End.
339 4059 357 4106 l.
377 4060 417 4110 m.
435 4060 480 4120 ΙΙΙ,
498 4058 523 4108 2.
684 4057 767 4107 tuat.
785 4059 803 4108 l.
822 4059 862 4110 Nu.
881 4059 926 4119 ΙΙΙ,
945 4057 968 4106 3.

235 4147 243 4177 ⁷
263 4149 316 4198 aaa.
334 4149 351 4197 t.
371 4150 410 4198 re.
430 4150 469 4210 rr,
487 4155 511 4198 a.

978 4245 998 4306 8
