2738 4740
739 401 780 461 56

276 582 415 659 Francia,
433 582 463 645 irl
489 593 533 646 est
555 603 680 658 seeum,
707 582 828 645 rirreulo
848 583 1071 666 conjunxisset,
1095 584 1171 648 inlra
1192 607 1243 650 co-

274 694 387 781 piosius
408 719 425 760 a
444 694 533 758 nobis
551 705 719 780 exponetur
735 696 757 760 ¹.
802 696 909 781 Neque
930 720 1001 761 sane
1021 698 1068 760 rol
1090 721 1166 783 opus
1187 702 1246 762 erit

275 805 526 881 animadvertere,
556 806 589 871 in
618 806 655 869 iis
683 807 862 891 provinciis,
886 829 961 893 quas
991 809 1084 893 ipsius
1108 811 1246 877 Francici

274 917 396 1003 imperii
413 917 535 1003 corpori
563 939 777 984 raronrorrrrs
799 920 906 984 lubido
926 920 1128 1000 adnexuisset,
1151 924 1247 988 Fran-

275 1031 378 1097 cionm
395 1032 447 1117 jus
466 1042 533 1095 tum
552 1032 713 1116 publicum
726 1043 791 1096 tum
812 1035 966 1116 privatum
980 1055 1123 1121 quaeque
1143 1036 1181 1100 ad
1201 1037 1245 1101 ci-

274 1145 373 1211 ritrtis
386 1144 676 1211 administrationem
695 1146 893 1230 pertinerent,
906 1147 991 1224 ritus,
1008 1169 1137 1224 normas,
1158 1149 1245 1213 insti-

275 1269 341 1325 tuta
363 1270 484 1324 tantum
501 1282 563 1324 non
585 1258 696 1337 omnia,
714 1270 860 1344 protenus
879 1261 991 1347 rigere,
1005 1261 1093 1346 jussu
1112 1264 1244 1339 victoris,

202 1424 205 1429 .
275 1372 440 1458 incepisse:
474 1393 607 1458 quorum
636 1371 732 1458 igitur
763 1371 806 1436 sic
835 1371 993 1437 obliterata
1022 1373 1149 1457 pristina
1171 1376 1247 1439 ratio

275 1483 369 1550 fuerit
391 1495 487 1548 utne
511 1484 635 1549 nomina
653 1483 780 1569 quidem
804 1493 942 1547 veterum
964 1484 1161 1569 partitionum
1184 1509 1246 1550 ser·

276 1609 432 1663 rarentnr.
479 1598 595 1664 Verum
614 1597 646 1661 in
664 1597 731 1662 aliis
750 1617 875 1683 quoque
895 1597 975 1662 bene
996 1598 1100 1663 multis
1120 1600 1247 1663 Germa-

276 1711 346 1776 niae
365 1709 547 1785 civitatibus,
568 1709 600 1772 in
623 1708 736 1794 quibus
762 1707 821 1773 hoc
846 1709 978 1773 infausto
996 1720 1134 1794 tempore
1153 1712 1247 1775 Fran·

277 1844 385 1889 eorum
406 1843 468 1886 non
488 1821 566 1886 adeo
586 1821 716 1886 valuerit
733 1820 917 1897 auctoritas,
931 1832 965 1885 ut
982 1843 1147 1906 quamnam
1162 1824 1248 1907 priu-

277 1936 362 2021 cipes
390 1934 525 1999 seouturi
559 1944 657 1998 essent
690 1933 882 2020 gubernandi
910 1933 1025 2020 legem,
1067 1935 1178 1999 diserte
1208 1939 1247 2000 ab

276 2047 338 2113 illis
379 2046 654 2132 praescriberetur,
686 2046 750 2131 ipsa
783 2056 885 2109 tamen
914 2067 1016 2110 rerum
1051 2046 1245 2130 politicarum

278 2161 426 2228 continuo
444 2160 626 2248 agitatarum
648 2171 757 2223 natura
782 2169 876 2245 atque
898 2159 1065 2245 progressio
1085 2170 1150 2224 tum
1175 2162 1248 2226 olias

278 2297 383 2362 graves
413 2273 527 2339 interni
556 2283 651 2337 statos
687 2271 825 2337 attulisse
859 2272 1059 2348 mutationes,
1092 2283 1158 2336 turn
1189 2272 1249 2338 boe

277 2386 429 2473 imprimis
451 2385 619 2452 necessario
640 2384 775 2449 effecisse
795 2384 943 2449 dicendae
959 2395 1047 2461 sunt,
1069 2396 1104 2449 ut
1123 2388 1248 2473 antiqua

279 2500 378 2564 omnis
409 2508 600 2564 evanesceret
630 2497 774 2562 ordinum
802 2497 1034 2582 provincialium
1060 2500 1247 2564 constitutio.

278 2611 337 2676 Tot
353 2610 436 2676 enim
457 2610 542 2677 lactis
561 2621 713 2674 terrarum
731 2609 965 2674 alienationibus
989 2632 1026 2675 ac
1047 2612 1249 2676 translationi-

278 2723 337 2788 bus
361 2733 396 2788 ut
421 2723 506 2788 nulla
529 2724 626 2787 ferme
650 2733 726 2787 esset
748 2721 874 2799 civitas,
898 2723 974 2808 quin
996 2736 1142 2809 perpetuo
1165 2727 1250 2789 velut

279 2845 367 2902 motu
393 2833 586 2912 turbaretur,
618 2835 723 2899 multis
752 2856 870 2912 earum,
889 2857 966 2921 quas
986 2849 1074 2900 antea
1091 2835 1250 2915 babuerat,

280 2947 414 3034 partium
437 2958 576 3013 truncata
601 2949 749 3033 novisque
774 2948 806 3011 in
834 2949 958 3012 illarum
982 2951 1085 3014 locum
1109 2951 1249 3015 adscitis:

281 3074 312 3126 et
334 3061 468 3147 disjungi
494 3062 635 3146 plurimis
664 3044 841 3147 regibnibus
864 3061 1037 3139 acciderat,
1058 3063 1191 3149 quibus,
1213 3067 1251 3129 ab

316 3247 324 3279 ¹
342 3247 415 3312 Quam
433 3244 558 3308 diligenter
573 3243 636 3293 illud
653 3253 731 3293 notun
749 3262 762 3293 ι
779 3257 931 3293 ttttouom
948 3244 1020 3293 luerit
1035 3254 1062 3293 nt
1077 3249 1155 3296 onnia
1171 3264 1253 3311 prope,

281 3338 369 3403 quibus
393 3339 476 3388 Franci
499 3345 636 3399 uterentur,
661 3336 779 3397 instituta,
804 3352 857 3384 curn
874 3336 1017 3385 Germanicis
1033 3339 1170 3387 nationibus
1187 3355 1254 3388 oom-

281 3435 428 3496 noniearet,
445 3432 531 3495 optime
548 3439 612 3493 patet
629 3432 725 3494 exlege
741 3431 784 3478 illa
801 3431 907 3493 publiea,
918 3447 998 3492 qum,
1011 3447 1074 3479 rouo
1089 3429 1165 3494 1807,
1176 3433 1254 3480 West-

280 3526 390 3591 phalerari
407 3525 498 3574 riritsti
506 3522 648 3585 condiderit,
657 3524 683 3572 in
700 3540 748 3586 qur
766 3540 814 3572 noo
826 3531 918 3572 tentum
930 3525 1039 3571 universe
1050 3525 1080 3570 ad
1090 3525 1253 3574 Franeioornm

281 3620 421 3685 placitomrn
452 3617 552 3680 speciem
579 3617 710 3679 praeripua'
725 3616 787 3680 juris
811 3616 901 3679 publici
925 3617 1001 3678 capita
1027 3617 1253 3681 administrandiqus

281 3717 341 3763 ritus
357 3712 449 3761 deliniti
475 3712 589 3772 luerunt,
614 3727 694 3759 rerum
712 3711 803 3773 enon,
824 3720 875 3759 tom
898 3710 971 3759 corlox
990 3712 1067 3760 civilis
1092 3713 1211 3762 francicus
1228 3716 1254 3761 in

282 3805 427 3870 Westpbalis
444 3805 521 3870 rigere
535 3808 632 3867 jussus,
649 3814 698 3853 tum
715 3814 834 3865 monetae,
851 3804 996 3868 ponderat,
1015 3822 1175 3855 mensurarum
1194 3810 1255 3855 ratio

283 3915 310 3947 nc
321 3898 440 3961 proportio
449 3897 541 3958 eadem,
552 3914 613 3959 quae
623 3898 647 3946 in
656 3899 752 3947 Francis
766 3897 869 3957 valebat,
881 3907 929 3946 tum
940 3898 978 3945 len
988 3899 1098 3946 Francica
1108 3900 1137 3947 dr
1152 3904 1255 3949 conseri·

282 3990 366 4041 bondis
382 3990 497 4039 militibus
510 3999 612 4053 receptu,
629 4000 678 4039 tum
691 3992 794 4055 deniqne
801 4001 824 4040 et
834 3991 1007 4054 purificatorum
1014 3992 1121 4053 judicum
1132 4003 1155 4041 rt
1159 3997 1255 4057 jurato-

283 4104 335 4135 roro
353 4085 441 4134 sancita
453 4084 498 4133 luit
507 4085 632 4133 institutio.
654 4085 702 4135 tid.
713 4086 768 4135 diet.
779 4087 858 4135 Const.
870 4088 930 4135 lrtt.
943 4083 984 4145 17,
996 4083 1037 4145 34,
1050 4085 1092 4147 45,
1106 4084 1148 4149 46,
1158 4088 1200 4152 47,
1212 4089 1255 4138 53.
