2738 4740
478 490 496 575 ',
629 484 669 545 ur

167 688 320 733 merorum
348 667 425 732 ratio
448 667 626 733 conveniret
643 666 666 731 1.
693 667 802 753 ltaque
821 667 936 751 publici
967 678 1134 734 conventu·

166 777 385 857 eocica,eadem
402 799 498 864 prope
512 776 654 843 claeaium
670 788 785 842 serrata
796 778 999 864 proportione,
1011 782 1133 847 ricenoo

166 889 367 978 designandos
381 889 497 955 edixit²
514 909 650 975 cumque
665 888 697 953 in
715 899 849 974 quatuor
859 892 997 977 regiones
1007 891 1134 978 (Deper-

165 999 307 1090 teruento)
320 1001 449 1087 dispesci
463 1001 616 1067 civitatem
629 1001 766 1085 jueeieaet
776 1000 801 1079 ³,
812 1001 957 1068 attributa
973 1001 1058 1070 bieco
1071 1006 1135 1070 ain·

166 1117 246 1204 gulia
257 1123 477 1200 perpetuorum
488 1112 655 1178 electorum
665 1111 809 1199 collegia,
819 1112 901 1200 agria
917 1114 1132 1199 locupletium,

167 1236 371 1293 mercatorum
386 1225 678 1310 fabricatorumque,
694 1225 909 1291 excellentium
920 1224 1053 1313 denique
1062 1226 1136 1294 doc·

167 1339 248 1404 trini
264 1339 410 1415 virorum,
429 1335 512 1401 baud
532 1337 592 1402 alio
612 1359 650 1403 ac
668 1335 895 1422 Weetpbalicur
915 1337 1069 1426 legislator
1087 1340 1137 1405 in·

168 1451 300 1516 duaieeet
316 1460 565 1536 temperamento,
579 1449 658 1515 effici
670 1450 885 1538 congreoaiene
896 1453 1102 1537 pronuntiarit
1112 1455 1136 1520 ⁸.

168 1565 204 1628 ln
222 1584 357 1650 quorum
380 1562 621 1649 uniuscujusque
639 1539 841 1650 collegiorum
867 1564 1041 1651 frequentil
1061 1565 1137 1631 deli·

169 1677 280 1744 nienda
303 1677 362 1745 boc
379 1679 494 1765 pariter
518 1676 691 1743 adhibitum
713 1688 759 1742 eat
778 1676 1035 1757 fundamentum,
1060 1691 1137 1766 quet

161 1795 199 1858 in
216 1794 319 1881 eliqua
339 1794 464 1880 regione
481 1792 575 1858 millia
596 1789 782 1857 haberentur
799 1791 982 1871 incolarum,
1006 1793 1135 1860 totidem

167 1907 247 1972 cirea
266 1907 435 1971 electorum
455 1905 520 1970 illic
539 1903 672 1970 adscribi
696 1904 827 1971 concilio
844 1902 958 1970 debere
972 1906 996 1970 ⁵.
1037 1907 1134 1994 Loga-

167 2029 267 2084 torum
288 2038 359 2083 rere
384 2017 624 2082 nominationem
653 2017 734 2082 inter
761 2026 895 2102 quatuor
923 2017 1063 2104 regionea
1091 2019 1136 2085 ric

165 2131 365 2220 aequabiliter
389 2131 439 2194 lex
461 2129 632 2206 distribuit,
660 2140 696 2195 ut
723 2129 871 2214 equoris
890 2129 1021 2214 collegio
1042 2129 1137 2195 trino·

166 2265 312 2331 agrorum
329 2263 522 2328 pueeeaeeree,
539 2239 675 2328 eingnlca
694 2249 878 2304 mercatores
893 2239 1135 2319 fabricatoreare,

167 2355 303 2444 singulos
323 2357 413 2420 etiam
430 2353 563 2420 eruditos
580 2353 653 2440 eligi
671 2364 811 2440 oportere
824 2351 1003 2419 decerneret
1014 2353 1038 2418 ⁶.
1059 2353 1133 2419 Gae-

169 2478 289 2550 terum,
311 2467 396 2555 quod
414 2464 584 2533 decedendi
601 2466 710 2532 attinet
727 2463 816 2531 aociio
833 2465 1006 2552 impositam
1027 2464 1133 2531 condi-

168 2582 293 2660 tionem,
316 2581 348 2645 in
369 2578 583 2657 convocando,
601 2577 813 2668 prorogando,
831 2576 1023 2644 dioeolrendo
1043 2590 1134 2646 coetu

166 2691 313 2779 principie
332 2691 505 2768 arbitrium,
522 2690 751 2756 conciliaturum
770 2689 985 2778 principalium
1000 2691 1033 2757 in
1047 2714 1135 2778 prae-

167 2803 325 2890 parandis,
368 2825 448 2891 quae
483 2801 627 2868 ordinum
665 2801 878 2868 deliberationi
912 2802 1136 2887 subjiciantur,

168 2916 397 2996 auctoritatem,
426 2914 498 3002 ipeia
527 2915 631 3002 populi
666 2913 813 3002 delegatio
845 2912 992 3002 gerendae
1024 2913 1058 2978 in
1090 2915 1136 2980 rei

169 3028 311 3113 publicae
335 3027 543 3094 moderatione
565 3039 683 3114 partee,
705 3027 929 3113 preeecriptum
949 3025 985 3089 iia
1002 3023 1136 3112 denique

168 3138 280 3228 agendi
300 3161 356 3227 per
380 3141 474 3207 lectoe
496 3139 698 3208 mandatarioa
719 3160 778 3204 nec
799 3160 861 3204 non
881 3137 1080 3204 ferendorum
1100 3139 1132 3204 in

202 3335 210 3368 ¹
227 3337 325 3386 Conrtb.
343 3337 490 3386 Franoolurt.
507 3336 532 3385 d.
551 3333 583 3383 16
600 3337 659 3400 lug.
678 3331 754 3396 1810,
772 3351 877 3398 prooem.

201 3428 285 3479 ‘aad
302 3428 382 3481 comt.
397 3430 411 3497 p
427 3427 469 3480 262
503 3431 624 3479 Caeterum
646 3444 724 3492 neque
748 3427 786 3479 bie
801 3426 884 3491 popull
908 3426 1059 3478 mandatariis
1090 3444 1133 3476 nee

167 3523 384 3586 westphaleeeibe·
396 3540 441 3572 nec
453 3523 640 3573 Gotbeuenoibua
657 3522 774 3585 stipendia
787 3539 817 3570 ex
834 3522 925 3570 aerario
942 3521 1004 3570 eolri
1021 3522 1133 3584 oportuit.

167 3616 228 3667 lbid.
252 3617 309 3666 eoll.
335 3617 415 3667 Gonrt.
441 3616 546 3681 Vertplr.
568 3618 619 3667 brt.
641 3613 690 3677 29,
714 3616 747 3662 al.
772 3611 805 3677 2,
833 3614 913 3663 Edicto
940 3613 970 3662 de
1001 3613 1131 3664 ordinando

166 3711 265 3761 lucam
281 3708 404 3760 labaltiui
420 3708 573 3758 (lotbeaeeria
585 3710 640 3772 jure
656 3707 771 3770 publico,
788 3706 812 3758 tl.
831 3704 864 3756 19
880 3707 947 3757 retr.
965 3704 1041 3770 1811,
1058 3708 1073 3775 §
1091 3706 1132 3759 1³.

200 3803 211 3838 ⁸
227 3804 283 3854 aad.
299 3805 377 3853 Ceret.
395 3803 410 3870 1
426 3800 468 3853 29.

201 3897 285 3948 ‘tau
302 3898 381 3946 Conot.
398 3895 412 3962 §
430 3893 471 3945 33.
502 3896 604 3959 Quorum
622 3893 775 3957 collegiorum
791 3892 875 3944 eooiiu
885 3893 989 3956 principe
997 3895 1134 3945 nominandi

167 4008 252 4041 nuuc
268 4007 336 4040 enum
353 3989 429 4038 donec
442 3996 542 4036 aetate-
558 3987 643 4050 degeat
660 3988 775 4038 retenturi
796 3986 955 4050 perhibentur.
982 3987 1042 4038 lbitl.
1059 3989 1073 4054 §
1090 3987 1131 4037 ³2.

201 4081 211 4113 ⁸
228 4082 333 4145 lppead.
351 4081 380 4128 ad
397 4081 477 4131 court.
494 4080 640 4130 francofort.
659 4077 692 4127 10
709 4079 772 4142 Sept.
789 4076 867 4141 1810,
883 4081 934 4128 lrt.
953 4076 976 4127 1.

202 4175 212 4209 ·
229 4176 286 4226 nr.
303 4176 381 4225 eene.
398 4174 412 4240 e
429 4173 472 4225 ao.

933 4271 952 4330 5
964 4269 983 4308 4
