2738 4740
600 454 661 516 115

142 632 334 719 supplendae
351 644 454 699 autem
472 631 546 698 huic
563 633 623 720 legi
637 634 788 719 publicae,
805 656 884 721 quae
902 638 1003 724 vigere
1017 636 1110 723 quin·

142 767 204 830 que
225 756 292 831 post
314 745 472 809 mensibus
493 745 654 830 inceptura
680 757 746 811 erat
756 747 779 824 ¹,
812 749 969 832 complura
986 749 1110 814 interim

141 857 179 921 de
201 858 288 922 rariis
311 856 390 941 juris
412 855 529 942 publici
553 858 743 942 argumentis
769 858 959 945 promulgata
984 859 1111 926 fuerunt

141 968 238 1034 edicta
246 968 270 1047 ‚²·
303 970 342 1032 At
365 989 429 1052 quo
447 968 548 1032 miuus
563 988 713 1055 umquem
735 969 774 1034 ad
794 967 923 1054 hujusce
941 971 1017 1057 legis
1036 994 1110 1036 uor-

140 1102 223 1145 mam
238 1079 381 1145 Bararica
394 1079 499 1143 civitas
515 1090 747 1164 temperaretur,
762 1102 867 1158 norae,
878 1102 958 1167 quae
967 1080 1111 1169 deinceps

140 1215 197 1278 per
221 1193 417 1259 Germaniam
438 1193 634 1269 exstiterunt,
657 1194 765 1258 turbae
791 1216 826 1259 ac
851 1194 1004 1259 bellorum
1029 1193 1110 1261 diffi-

141 1307 268 1371 cultates
285 1304 455 1369 necessario
470 1302 695 1390 prohibuerunt
712 1304 737 1373 3.
761 1306 845 1400 Mox,
868 1306 990 1372 lubente
1007 1308 1109 1392 impe-

54 1477 58 1485 .
141 1417 187 1480 rio
204 1437 426 1492 sicomorus,
448 1414 624 1481 aRhenana
642 1439 694 1481 rer
705 1417 974 1483 Conioederatione
985 1417 1110 1484 recessit

141 1550 187 1604 ac,
204 1538 294 1614 pacto
313 1549 385 1593 cum
404 1528 544 1593 Austriao
562 1529 745 1614 imperatore
763 1529 849 1607 inito,
867 1529 945 1594 vires
963 1550 1032 1594 suas
1051 1552 1108 1593 na·

140 1661 309 1705 rossosrrs
337 1640 512 1705 adversariis
536 1639 711 1707 adsociavit.
762 1641 848 1717 Post,
881 1640 913 1705 in
938 1639 1108 1726 Congressu

140 1751 305 1820 Viennensi
333 1772 411 1815 noro
440 1750 554 1816 foederi
573 1752 757 1818 Germanico
781 1751 845 1839 ipse
868 1773 995 1839 quoque
1014 1751 1109 1817 adsti-

140 1864 270 1950 pulatus,
295 1862 449 1929 Ordinum
475 1885 510 1928 er
533 1874 695 1950 praecepto
714 1866 783 1929 Art.
807 1867 858 1942 13,
878 1866 946 1930 Act.
973 1862 1059 1928 Conf-
1076 1863 1106 1929 d.

139 1983 159 2044 8
188 1977 271 2040 Junii
302 1981 384 2043 1815
417 1975 621 2041 edormsndae
649 1975 872 2040 constitutionis
907 1975 980 2054 inde
1010 1977 1042 2040 iu
1074 1997 1107 2040 so

138 2090 269 2175 suscepit
288 2088 434 2154 officium.
468 2088 552 2169 Quas
566 2098 669 2152 autem
688 2110 743 2173 per
757 2088 888 2153 Francos
903 2087 1107 2174 acquisiverat

137 2203 308 2268 Borussicas
342 2201 497 2288 regiones,
526 2199 728 2285 Anspachism
756 2212 850 2286 etque
875 2198 1105 2286 Bayreuthiam,

138 2337 188 2380 ess
203 2311 396 2381 Vienniensis
414 2312 600 2398 congressus
619 2313 800 2377 auctoritato
819 2311 959 2388 retinuit,
983 2333 1104 2390 verum,

137 2449 218 2494 enno
246 2427 312 2512 jam
351 2428 451 2501 1814,
483 2426 615 2512 Tyrolid,
637 2427 917 2515 Vorarlbergidque
944 2427 1105 2492 Austriaco

137 2537 312 2625 imperatori
332 2536 440 2603 cedere
460 2558 523 2601 sese
550 2536 625 2602 vidit
644 2548 806 2616 coactum,
827 2540 960 2625 acceptis
978 2561 1105 2625 permu-

136 2654 257 2718 tationis
275 2652 363 2716 titulo
381 2650 592 2738 Wurzburgio
615 2662 646 2715 et
660 2650 952 2739 Asochadenburgio.
978 2650 1104 2731 Deinde,

136 2770 231 2834 attero
255 2777 323 2853 post
347 2787 447 2843 anno,
474 2777 624 2832 terrarum
654 2766 767 2832 iterum
794 2766 922 2832 mutarit
943 2765 1102 2851 pmsessio-

137 3023 205 3061 necta
233 3023 269 3062 est
293 3024 316 3062 et
340 3013 529 3078 reprehensores.
562 3015 590 3061 in
613 3013 663 3061 illis
686 3010 842 3061 nominandus
866 3018 902 3058 aot
924 3022 970 3058 von
991 3021 1059 3058 nour
1076 3009 1101 3057 ia

136 3105 214 3153 libro:
244 3105 318 3154 Ueber
347 3107 385 3155 die
412 3105 571 3169 Staudpuacte
603 3105 645 3154 der
672 3103 816 3168 Bsyrisohen
843 3102 1103 3166 Veriauuagaurkuude

110 3231 113 3235 ψ
137 3215 184 3246 voa
202 3195 279 3260 1818,
294 3199 320 3246 iu
336 3197 469 3262 Besieiraag
485 3197 571 3246 andros
586 3197 791 3260 Constitutioaeu,
808 3194 904 3245 Hdnch.
919 3192 1001 3244 1819:
1019 3194 1103 3244 inillis

137 3304 254 3352 sunnon,
275 3291 308 3339 in:
332 3291 374 3341 der
389 3291 539 3353 Geaohielrte,
560 3291 602 3339 dm
618 3292 703 3342 Wessu
720 3307 744 3340 u.
762 3290 804 3339 der
821 3288 902 3338 Westh
919 3288 964 3338 der·
977 3289 1103 3338 datione}-

136 3383 381 3448 Repriseatation,1.
402 3385 422 3446 1,
444 3402 468 3447 p.
487 3381 548 3445 257,
570 3400 623 3448 sqq.
643 3382 941 3444 01.ε11ωι“ιιιπο,
961 3382 1059 3431 Stantis.
1077 3381 1101 3429 d.

136 3475 387 3540 Kdnigr.Baieru,1.
406 3478 426 3538 1,
443 3476 458 3542 d
475 3472 501 3526 2.

172 3569 178 3602 ¹
198 3569 249 3619 rid.
266 3570 337 3617 verbs
353 3568 414 3632 regis
429 3568 537 3617 Bavadoi
553 3569 584 3617 ad
599 3569 687 3618 colosso
703 3569 782 3619 Goust.
801 3567 814 3616 l
834 3570 889 3632 ttaj.
907 3565 982 3617 1808.

169 3661 180 3694 ¹
199 3662 303 3710 Fuerunt
313 3660 380 3708 taes:
389 3660 495 3710 Edictum
501 3659 531 3709 de
540 3659 672 3711 ordinando
683 3661 784 3711 concilio
792 3661 891 3724 privato,
901 3659 948 3708 (1.4
957 3658 1015 3709 lua.
1025 3656 1101 3718 18083

134 3756 163 3804 ds
181 3755 315 3815 nobilitate,
331 3753 356 3804 d.
373 3749 469 3804 281111.
484 3750 560 3811 180&
577 3753 607 3802 do
621 3754 716 3819 juribus
733 3754 763 3802 ad
780 3770 887 3817 agrorum
903 3752 1031 3802 doninica
1048 3769 1102 3816 per·

133 3846 272 3909 tinentihus,
281 3845 384 3910 ejusdem
393 3845 453 3904 dieis
462 3845 492 3894 do
500 3845 634 3910 abroganda
643 3846 734 3896 feudali
741 3848 865 3909 servitute,
874 3845 898 3894 d.
909 3842 944 3895 28
952 3847 1012 3910 dag.
1023 3843 1100 3903 180&

134 3939 163 3987 de
175 3939 340 4002 jurisdictione
354 3938 523 4003 petrimouisli,
536 3935 586 3988 d.3
598 3938 662 4002 Sept.
673 3936 748 3988 1808.
759 3938 810 3987 Trd.
822 3939 906 4000 Europ.
917 3938 1042 3989 constitut.
1052 3948 1099 3991 eto.

136 4031 161 4078 1.
179 4032 212 4093 n,
228 4050 252 4095 p.
270 4029 419 4089 112-1833
438 4036 528 4092 monz,
544 4048 582 4094 op.
600 4031 641 4080 cit.
660 4033 686 4080 t.
704 4032 725 4092 Ι,
744 4032 768 4079 t’.
785 4032 805 4093 1,
823 4050 847 4094 p.
865 4029 1009 4082 loo-tto.

169 4124 179 4156 ³
195 4124 349 4187 Sonnszrso,
365 4142 403 4188 op.
421 4125 438 4172 1.
455 4123 513 4172 ibid.

910 4220 950 4287 10
