2738 4740
666 437 727 497 247
755 496 760 507 ,

198 632 263 683 turn
294 619 429 684 obituros
455 616 588 704 eligendi
615 615 802 681 conditiones
818 625 840 692 ¹,
873 617 1006 680 muneris
1026 615 1160 702 denique

196 731 356 798 abdicandi
377 753 480 796 causas
498 729 679 795 necessarias
694 729 709 772 ²
724 728 816 792 unice
835 729 1023 811 pertineant,
1044 752 1080 793 ex
1097 731 1159 814 ipsa

196 845 264 932 lege
291 845 414 930 publica
436 842 475 907 de
506 841 662 905 ordinibus
691 841 725 904 in
750 840 891 904 Sectione
915 841 984 905 vlt·
1010 852 1160 906 statuente

195 956 331 1035 haurire,
352 967 508 1040 tamquam
532 976 567 1019 er
593 953 693 1030 fonte,
722 951 914 1031 debebimus3
937 954 1162 1037 incapacitatis

196 1093 266 1136 vero
289 1070 403 1134 normis
421 1069 535 1155 cuique
556 1067 655 1132 ordini
674 1067 802 1152 propriis
822 1066 1021 1152 ipsarumque
1040 1068 1162 1132 electio·

196 1205 271 1246 num
292 1180 454 1268 gradibus,
480 1181 595 1257 modis,
619 1180 727 1244 ritibus
747 1179 940 1257 enarrandis,
966 1179 1003 1244 ad
1025 1181 1107 1266 leges
1125 1180 1163 1244 de

197 1292 242 1357 his
262 1293 449 1379 argumentis
469 1305 572 1377 postea
591 1292 728 1368 sancitas,
745 1313 811 1355 eam
828 1292 920 1378 longe
933 1293 1074 1369 maxime,
1084 1313 1164 1377 quae

197 1406 287 1468 simul
310 1427 381 1469 curn
404 1406 479 1491 legis
497 1405 638 1488 publicae
657 1403 822 1488 specimine
841 1405 982 1468 ordinum
1001 1406 1163 1468 conventui

196 1519 350 1603 subjecta,
384 1539 451 1582 mox
471 1519 511 1581 ab
531 1518 566 1580 iis
591 1517 715 1601 probata
743 1516 857 1602 dieque
881 1519 939 1582 24⁰
963 1540 1004 1584 m.
1025 1541 1052 1583 a.
1080 1522 1157 1583 1831

196 1630 400 1716 Septembris,
419 1630 497 1714 juris
522 1641 566 1693 est
586 1629 721 1714 rigorem
743 1640 904 1694 consecuta
923 1629 951 1705 ³,
975 1629 1165 1694 solummodo

197 1741 416 1808 recurrendum
433 1741 519 1806 nobis
531 1740 606 1819 erit;
621 1738 678 1806 hoc
696 1743 791 1827 igitur
808 1742 890 1805 reiut
903 1741 1068 1805 stabilitatis
1084 1743 1164 1805 inter

140 1937 145 1945 Ι
195 1857 298 1921 ambas
311 1855 490 1939 placitorum
506 1853 597 1917 series
614 1852 777 1918 discrimen
795 1875 904 1938 operae
921 1857 1052 1938 pretium
1068 1855 1164 1918 risum

196 1978 240 2035 est
261 1977 348 2031 antea
371 1965 562 2053 significasse.
601 1965 797 2050 Quamquam
817 1966 907 2029 simui
926 1966 1165 2030 animadvertere

195 2102 250 2144 nos
270 2089 400 2165 oportet,
411 2079 510 2164 legem
527 2078 612 2140 iiiam
633 2076 671 2140 de
686 2077 941 2141 mandatariorum
963 2079 1066 2162 popuii
1082 2080 1163 2143 eiec-

198 2194 279 2258 tione
312 2192 356 2256 sic
382 2211 503 2277 gravem
536 2188 630 2251 risam
658 2210 721 2252 esse
747 2188 974 2253 constitutionis
999 2192 1165 2255 Saronicus

197 2305 391 2380 auctoribus,
419 2313 454 2366 ut
480 2302 590 2366 diserte
612 2323 703 2386 super
721 2301 770 2365 illa
791 2301 1018 2367 decernendum
1036 2301 1166 2386 judica-

198 2418 306 2490 verint,
326 2437 403 2491 eam,
421 2415 476 2478 etsi
494 2414 621 2478 minime
640 2435 707 2498 pars
726 2426 801 2479 esset
816 2414 910 2500 ipsius
926 2415 1162 2497 Constitutionis,

199 2552 237 2594 ne
255 2542 356 2594 tamen
377 2530 492 2614 absque
511 2527 654 2593 ordinum
679 2550 826 2593 consensu
844 2531 1000 2594 immutari
1021 2531 1164 2606 disereti,

198 2644 284 2730 quasi
306 2641 433 2727 hujusce
459 2642 534 2730 legis
562 2652 699 2726 respectu
727 2641 802 2705 iliud
827 2642 874 2705 rel
900 2642 1090 2726 potissimum
1111 2644 1165 2707 ob·

198 2759 306 2822 serrari
338 2756 485 2832 volentes,
519 2755 600 2841 quod
632 2765 785 2819 caeterum
812 2776 917 2818 omnes
940 2756 1054 2838 pariter
1079 2777 1165 2819 com·

198 2871 288 2954 plecti
306 2868 519 2953 profiterentur
530 2868 552 2945 5;
577 2879 641 2929 tum
660 2867 798 2930 eamdem
817 2865 876 2929 hoc
892 2867 1017 2929 nornine
1034 2866 1167 2930 melioris

193 3025 405 3034 -—--—--—-

234 3102 241 3134 ¹
260 3103 330 3150 Const
356 3102 381 3167 §rj
400 3101 441 3160 70,
461 3098 499 3147 73
510 3130 512 3134 >
522 3097 570 3147 -75,
783 3097 793 3128 ²
810 3099 889 3146 Const.
908 3097 921 3161 d
939 3095 982 3144 71.

233 3194 337 3242 ³conrt.
355 3194 368 3257 d
387 3190 427 3239 77.
453 3191 487 3238 ct.
506 3202 653 3250 nrrosnsnn,
670 3189 683 3252 d
700 3186 725 3250 3,
744 3208 765 3251 p.
786 3193 811 3251 t,
829 3191 842 3255 p
859 3189 909 3251 51,
925 3208 949 3252 p.
969 3187 1019 3236 155
1036 3198 1059 3234 er
1077 3199 1125 3238 not.
1143 3206 1165 3246 n,-

200 3296 287 3347 struto,
306 3285 368 3332 Veri.
385 3285 398 3349 d
415 3281 458 3343 29,
473 3302 494 3346 p.
514 3282 571 3332 137.
599 3284 659 3331 Huic
680 3283 751 3345 igitur
769 3286 854 3332 eximie
875 3301 959 3331 nornen
975 3284 1041 3331 renit
1060 3283 1118 3344 legis
1137 3284 1165 3331 de

198 3381 353 3428 electionibus
372 3377 574 3444 (Wshigesetzss),
598 3377 705 3424 Caeteros
726 3378 754 3424 ad
769 3377 831 3425 idem
848 3387 1008 3439 argumentum
1026 3377 1168 3437 pertinenter

199 3477 261 3537 leger
278 3474 339 3521 inire
357 3472 489 3520 notabimur

234 3568 338 3616 ‘const
357 3566 374 3613 l.
393 3582 413 3613 c.
434 3565 506 3628 »(οη
527 3561 682 3624 Wsiilgesetri
706 3561 737 3608 ist
758 3579 821 3609 ινιτ
839 3562 894 3607 kein
917 3559 1087 3620 integrirender
1100 3561 1166 3609 Thril

199 3664 239 3710 der
256 3661 405 3722 Veriassung,
415 3660 479 3705 kann
498 3658 554 3703 eber
568 3657 630 3704 ohne
643 3654 779 3703 Stindische
793 3655 955 3713 Zustimrnung
973 3650 1040 3699 nicht
1049 3655 1168 3702 rer's'udert

199 3755 321 3802 werden.''

234 3847 244 3878 ³
261 3848 320 3895 Fieri
336 3856 411 3892 trnren
427 3851 518 3905 potest,
542 3850 568 3887 nt
586 3839 645 3886 haec
663 3840 747 3887 diserta
763 3840 824 3902 juris
841 3837 949 3885 ordinum
968 3837 1030 3882 circs
1048 3836 1119 3897 legem
1137 3840 1166 3886 rie

199 3940 355 3987 electionibus
379 3936 465 3983 mentio
488 3951 500 3981 e
524 3933 650 3996 specimine
666 3932 691 3979 d.
717 3930 727 3979 l
753 3934 819 3980 idert.
836 3931 883 3992 legi
900 3929 1010 3989 pubiicse
1030 3927 1169 3979 adhaeserit.

200 4036 251 4098 Quo
271 4033 361 4078 scilicet
376 4046 447 4092 quum
466 4027 573 4074 ordinum
590 4041 718 4073 consensus
737 4023 799 4072 haud
818 4025 928 4072 universe
945 4020 973 4066 sd
994 4030 1090 4069 cunctas
1106 4025 1169 4086 leges

201 4127 338 4174 senciendss
352 4125 520 4188 requireretur,
536 4137 614 4168 rernm
630 4118 659 4165 sd
678 4135 726 4179 ers,
741 4119 827 4180 quibus
841 4125 883 4164 sut
898 4116 921 4163 in
935 4115 983 4178 ipss
1000 4113 1170 4164 Constitutione
