2738 4740
659 462 722 524 245

207 643 260 720 iis,
278 666 358 729 quae
375 644 459 717 ,circa
480 643 582 728 placiti
607 643 757 728 cujusque
786 642 1032 727 abrogationem,
1058 641 1170 706 iromu-

207 753 349 819 tationem
368 775 581 839 nororumque
598 752 800 837 adjectionem
821 752 1004 817 observanda
1023 753 1097 830 sint,
1115 775 1169 816 ne·

206 869 323 954 gligere
338 866 495 932 debemus.
529 867 633 948 Quum
656 866 738 930 enim
760 878 789 930 et
809 865 873 952 regi
898 875 927 929 et
947 865 1112 943 ordinibus,
1136 875 1171 930 ut

204 977 378 1063 hujusmodi
396 978 573 1064 perficiendi
590 978 707 1042 consilii
724 988 861 1042 auctores
879 999 943 1041 esse
960 976 1083 1061 possint,
1097 998 1170 1041 cou-

205 1091 350 1156 cedatur:
372 1114 458 1156 oecos
481 1103 575 1177 atque
600 1094 632 1155 in
655 1089 779 1156 caeteris
800 1090 937 1178 legibus,
960 1111 1091 1176 quarum
1113 1091 1171 1154 soi-

205 1205 276 1268 iioet
298 1203 500 1289 rogandarum
530 1204 584 1269 uni
611 1206 675 1291 regi
702 1205 814 1269 tributa
835 1203 928 1268 fuerit
950 1203 1091 1280 facultas,
1112 1200 1171 1266 boo

205 1328 322 1380 tantum
338 1317 495 1381 ordinibus
518 1317 648 1395 indulto,
668 1328 701 1381 ut
719 1318 782 1404 regi
799 1317 860 1381 sire
877 1303 972 1382 norae
991 1316 1067 1402 legis
1084 1316 1169 1380 latio-

204 1449 275 1491 nem
296 1428 358 1493 sive
380 1429 445 1511 jam
475 1429 607 1494 sancitae
634 1428 849 1495 commendent
876 1428 1119 1493 immutationem
1140 1428 1172 1489 ¹:

204 1539 346 1604 ordinum
367 1542 417 1605 uti
435 1541 466 1605 in
487 1542 664 1626 quaestione
689 1540 843 1605 statuendi
862 1542 906 1606 sic
922 1539 1078 1605 definitam
1100 1561 1170 1605 auc·

203 1652 354 1717 toritatem
375 1653 565 1728 invenimus,
586 1665 698 1717 utnon
718 1665 852 1732 tantum,
871 1652 975 1739 quiin
995 1652 1089 1717 nullis
1107 1673 1168 1716 non

202 1764 323 1849 legibus
342 1764 521 1849 recipiendis
534 1764 557 1843 ²,
579 1767 738 1830 amborum
762 1776 906 1830 coetuum
925 1785 1087 1829 consensus
1102 1784 1169 1847 pos·

202 1878 327 1955 toletus,
350 1899 453 1943 rerum
477 1876 566 1942 etiam
589 1878 780 1967 requiratur,
803 1877 887 1940 utin
913 1887 1044 1963 utroque
1069 1888 1169 1952 coctu,

201 2011 303 2055 coram
321 1991 459 2056 omnium
478 1991 560 2055 illius
576 1991 727 2056 sociorum
748 1991 834 2054 trinis
850 1991 975 2076 quartis,
989 2013 1007 2054 e
1024 1990 1169 2076 suffragio

200 2123 271 2165 vero
286 2124 404 2180 eorum,
424 2104 479 2188 qui
495 2102 604 2179 adsint,
617 2103 757 2167 binarum
771 2104 928 2165 tertiarum
947 2101 1078 2186 partium
1095 2124 1168 2166 con-

200 2211 299 2277 ditum
310 2212 469 2279 decretum
483 2215 590 2279 fuerit:
602 2235 700 2299 quum
711 2214 750 2277 de
760 2213 886 2279 caeteris
905 2213 1047 2278 omnibus
1063 2234 1169 2299 quaes·

201 2325 333 2390 tionibus
352 2348 388 2389 ea
405 2327 504 2391 valere
522 2327 643 2391 decreta
660 2326 837 2410 jubeantur,
856 2326 969 2413 quibus
988 2325 1120 2405 edendis,
1136 2329 1167 2392 in

200 2437 294 2521 priori
316 2448 407 2501 coetu
433 2438 576 2518 dimidia,
599 2441 630 2502 in
655 2440 751 2504 altero
774 2439 852 2504 duae
881 2441 986 2505 tertiae
1017 2442 1167 2506 sociorum

199 2559 297 2632 partes
321 2549 464 2614 affuerint
492 2573 589 2638 eaque
609 2563 780 2636 praesentes
805 2552 979 2638 frequentiis
1008 2573 1165 2617 consense-

200 2672 280 2739 runt,
293 2683 353 2747 qua
370 2664 417 2727 rel
437 2665 583 2753 singulari
598 2665 741 2752 suffragio
760 2663 1001 2729 dissentientium
1018 2687 1164 2729 numerus

207 2791 411 2803 —-—

198 2848 266 2910 inito,
281 2848 306 2896 in
323 2849 407 2896 senarii
426 2848 582 2896 secessionem
598 2848 700 2895 siienete
718 2846 873 2909 ordinumque
891 2848 996 2911 subjecte
1014 2848 1168 2898 moderationi
1247 2859 1252 2869 “

198 2943 302 2999 [ιιιιιιιιιι
321 2943 369 3004 regi
381 2957 437 2989 sero
450 2957 552 2989 annuens
566 2943 712 3005 pensionem,
728 2940 888 2990 indemnitatis
904 2940 1008 3003 nomine,
1023 2943 1166 2991 constituere

198 3035 294 3096 plsouit.
308 3033 359 3082 Vid.
371 3034 461 3082 beonet.
473 3031 485 3080 1
495 3035 563 3082 biert.
575 3031 639 3082 1831
653 3032 751 3100 (stium,
761 3036 778 3082 l.
788 3034 806 3082 1.
817 3051 840 3095 p.
851 3030 920 3099 202);
928 3031 1008 3080 doust.
1017 3032 1045 3098 ᾗῇ
1057 3031 1168 3100 16-20,

198 3124 240 3189 22,
259 3124 316 3174 108.
334 3127 368 3174 Gt.
383 3139 527 3189 ιιιιιιιιιι,
537 3124 601 3193 923,
618 3145 642 3190 p.
659 3124 692 3177 78
703 3133 728 3176 ιι
742 3136 792 3176 not,
806 3128 832 3189 k,
848 3127 877 3193 ιι
888 3123 1000 3189 32-34,
1012 3123 1058 3181 65;
1078 3135 1166 3191 sucro,

199 3222 259 3270 Veri.
276 3222 303 3287 §q
316 3219 349 3269 19
363 3228 387 3269 ιι
403 3218 444 3269 10.

233 3316 240 3346 ¹
259 3315 337 3363 Const.
356 3311 438 3379 §152,
456 3314 489 3361 el.
507 3311 532 3375 1,
547 3313 629 3377 colbd
643 3312 684 3365 85.
704 3313 835 3362 Notandum
852 3323 896 3376 ιιι,
914 3313 1021 3362 contecto
1036 3313 1164 3376 principum
1231 3298 1234 3305 ¹

197 3407 336 3456 auctoritate
350 3406 408 3467 legis
429 3405 537 3468 publices
555 3407 681 3468 specimine
698 3422 821 3455 oornmnns
842 3406 904 3454 circs
918 3405 982 3468 leges
996 3405 1110 3468 rogandes
1124 3408 1164 3468 jus

197 3501 226 3546 nd
241 3501 314 3562 ipesm
337 3501 406 3548 etism
421 3500 615 3549 constitutionem
631 3509 761 3564 porrectum
780 3500 860 3549 mine.
880 3500 930 3547 tit.
949 3499 1015 3562 Spec.
1033 3501 1079 3563 leg.
1097 3500 1162 3562 publ.

199 3591 208 3639 ι
229 3595 296 3641 ιιι.
315 3590 391 3652 rear,
407 3591 421 3657 ι
437 3591 494 3651 ιιι,
512 3593 544 3640 ιι.
566 3591 589 3640 1.
958 3566 962 3577 '

230 3681 241 3715 ¹
258 3686 335 3734 donst.
351 3684 379 3750 §p
394 3680 436 3730 62.
453 3680 496 3730 86.
513 3683 579 3746 Quod
596 3691 672 3730 tenen
690 3683 763 3745 ipsum
780 3683 842 3730 circs
856 3683 919 3746 leges
937 3699 977 3730 ιιι
990 3684 1022 3730 ite
1031 3683 1162 3731 restrictum

196 3787 241 3839 est,
259 3786 294 3838 ut,
315 3777 409 3839 quoties
423 3777 448 3823 in
464 3774 562 3824 dirersis
580 3785 678 3837 uterque
695 3784 776 3824 noetus
793 3776 877 3823 abierit
891 3777 1018 3824 sententies
1033 3778 1101 3838 isque
1115 3776 1165 3824 dis·

197 3887 279 3918 sensus
304 3870 359 3918 totti
378 3869 441 3917 tend
461 3869 562 3932 potuerit
584 3868 772 3928 deliberetione,
797 3868 925 3916 seeundum
944 3867 1164 3934 Const.§131,s

196 3964 289 4011 selectis
307 3965 430 4025 utriusque
444 3963 514 4011 sociis
531 3963 655 4026 institute,
677 3971 726 4009 rete
742 3961 822 4009 bebita
839 3963 877 4010 len
898 3963 1013 4023 proposita
1030 3972 1163 4023 censentur,

196 4055 268 4102 nisie
285 4056 354 4103 sociis
374 4056 399 4102 in
420 4055 535 4103 alterutro
559 4063 667 4103 coetuum
690 4054 850 4117 praesentibus
874 4053 970 4101 duorum
996 4057 1115 4127 tertisrnns
1135 4057 1165 4106 sd
1201 4053 1208 4067 '

196 4149 314 4197 nisinun
331 4150 429 4212 portium
449 4149 602 4198 sdrersentur
618 4147 734 4210 sudrsgis.
752 4146 801 4194 tto.
822 4147 850 4213 §p
863 4142 907 4207 91,
921 4144 962 4196 92.
