2738 4740
650 454 713 516 235

202 640 235 702 in
266 637 349 702 hisee
376 637 511 701 coetibus
539 633 734 699 terendorum
766 643 919 718 erpeium
943 632 1002 700 hoo
1030 646 1166 722 tempore

203 750 376 816 facultatem
405 749 592 824 invenimus,
620 769 700 833 quae
724 757 858 811 mutatae
880 767 952 810 cum
973 749 1076 813 aetatis
1099 761 1165 814 tum

203 867 245 930 rei
260 865 401 951 publicae
426 863 531 928 usibus
555 881 705 948 perquam
730 859 956 925 accommodata
980 875 1167 931 censeretur.

201 979 306 1060 Quum
327 976 410 1041 enim
434 996 504 1051 rex,
525 973 648 1039 decreto
667 973 698 1039 d.
722 976 765 1040 20
784 973 909 1040 Octobr.
931 977 1026 1051 1817,
1046 986 1166 1042 senten-

200 1091 274 1155 tiam
294 1088 415 1154 ordines
434 1097 567 1173 rogasset
584 1086 624 1151 de
642 1086 831 1172 quaestione,
849 1086 1071 1153 mutandumne
1085 1088 1168 1155 ciros

200 1204 381 1267 selectorum
410 1199 537 1285 collegia
553 1198 604 1282 jus
622 1198 785 1284 antiquum
807 1198 977 1264 rideretur:
998 1198 1045 1264 ilii
1063 1210 1168 1266 autom

200 1312 245 1376 aie
269 1310 490 1395 respondissent
513 1319 547 1374 ut
575 1309 714 1374 mutandi
735 1309 879 1396 gravioris
901 1310 1044 1395 ponderis
1069 1311 1168 1378 cousi·

199 1423 277 1486 lium
297 1422 363 1508 regi
383 1422 503 1486 nullum
524 1432 739 1509 suggererent3
760 1443 831 1486 mox
849 1421 956 1488 iisdem
975 1426 1170 1510 meantibus

200 1534 319 1597 renim
347 1554 397 1597 rex
422 1533 548 1619 largitus
570 1545 632 1613 est,
655 1545 706 1612 ιιι,
734 1555 829 1620 quem
857 1536 1062 1621 plurimorum
1091 1538 1170 1603 rotis

201 1649 300 1732 expeti
323 1647 557 1726 confiterentur,
583 1658 649 1714 tum
666 1649 725 1714 alia
748 1647 865 1734 publici
881 1647 961 1733 juris
980 1649 1079 1734 capita
1100 1660 1167 1714 tum

200 1761 504 1843 repraesentationem
525 1760 706 1826 emendandi
727 1760 853 1825 modum
877 1771 1021 1826 accurate
1037 1760 1095 1824 sihi
1115 1781 1168 1826 ex-

198 1882 346 1956 ponerent
366 1872 388 1937 1.
410 1871 500 1954 Quod
523 1871 575 1937 ubi
594 1871 758 1960 diligenter
775 1875 907 1940 exsecuti
925 1874 1051 1940 fuissem
1065 1873 1089 1951 ²,
1113 1896 1168 1940 na·

198 1993 263 2047 tom
281 1983 389 2048 exinde
411 1994 472 2059 est,
496 1996 664 2050 conventus
684 1987 757 2050 anni
778 1989 862 2052 1820
882 1987 1117 2071 opportunitate,
1135 1985 1167 2052 d.

199 2098 240 2164 16
260 2120 302 2163 m.
323 2096 465 2163 Octobris
485 2095 642 2161 decretum
657 2095 681 2172 ³,
709 2117 772 2182 quo
790 2119 852 2161 non
872 2107 993 2160 tantum
1016 2107 1170 2182 quotquot

197 2210 314 2274 nobiles
342 2207 531 2293 equestrium
559 2206 711 2269 bonorum
732 2227 910 2291 possessores
929 2207 1092 2272 recentiori
1110 2208 1169 2274 de-

198 2343 284 2385 mum
306 2330 443 2402 tempore
463 2315 612 2401 acquisito
634 2318 795 2401 superioris
814 2316 874 2384 hoo
895 2321 928 2384 in
947 2320 1054 2386 ordine
1069 2320 1169 2386 clasds

194 2434 360 2497 ‘uterentur
374 2429 490 2493 honore
508 2426 797 2518 (neoschriitstssige
806 2430 916 2520 Gaiter)
932 2433 1076 2518 publicae
1090 2455 1166 2500 con·

198 2544 294 2609 cionia
312 2542 473 2629 participes
492 2540 602 2621 redditi
620 2541 746 2607 inerunt
760 2544 784 2622 ⁴,
801 2547 1013 2612 verumetiam
1028 2558 1167 2626 cautam,

198 2665 233 2719 ut
251 2677 286 2719 ea
304 2655 341 2718 iis
359 2653 595 2739 possessoribus,
618 2654 675 2740 qui
703 2668 826 2742 propter
845 2660 992 2724 natalium
1011 2659 1167 2726 deiectum

198 2767 311 2833 exclusi
332 2766 528 2853 hucusquea
549 2766 680 2832 comitiis
698 2768 832 2846 tuissent,
852 2770 886 2834 in
903 2783 1070 2855 posterum,
1090 2793 1165 2837 coc-

196 3036 278 3084 reterri
295 3047 418 3085 curaverat
433 3037 462 3085 da
476 3037 603 3100 jungendis
619 3039 645 3085 iu
662 3054 735 3086 annm
751 3054 836 3099 corpas
854 3037 931 3086 tribas
946 3040 1052 3102 ιιῃὶιιιιι
1070 3042 1164 3091 concio-

197 3129 283 3189 nibus,
308 3128 364 3176 hnic
389 3138 466 3176 antem
490 3129 656 3192 praelatorum,
673 3131 782 3178 sonitum
800 3130 999 3194 dynastsrnmqaa
1016 3128 1166 3184 admisdaado

196 3220 307 3283 collegia.
341 3219 408 3284 Quod
425 3221 520 3269 salubre
538 3222 664 3271 consilium
682 3233 731 3271 tuas
743 3224 837 3286 quiden
849 3225 995 3288 repudiatum
1004 3226 1035 3274 ab
1044 3227 1167 3278 ordinibns

200 3313 256 3362 tris.
275 3313 299 3361 t.
318 3317 444 3377 ardun,
462 3331 501 3376 op.
518 3313 537 3364 1.
557 3332 583 3377 p.
600 3312 648 3377 19,
671 3325 721 3365 aot.
741 3315 768 3379 1,
787 3335 811 3379 p.
828 3314 873 3379 20,
896 3328 947 3368 aas.
965 3317 996 3376 33
1016 3333 1165 3383 nauum,

195 3408 210 3475 ᾗ
229 3404 273 3469 22,
290 3415 342 3454 ιιοι.
359 3405 384 3452 (1.

231 3498 241 3532 ¹
258 3501 357 3548 Decrrto
370 3497 393 3545 d.
410 3493 444 3544 22
461 3498 582 3547 Danaum.
597 3496 673 3548 1817.

229 3590 382 3640 ’ueterem
401 3591 426 3639 d.
446 3588 481 3640 23
503 3592 572 3641 Jurn'i
595 3589 670 3641 1818.
700 3591 750 3640 tit.
772 3599 859 3655 suun,
881 3593 980 3642 tertass.
998 3596 1010 3662 ᾗ
1027 3593 1068 3659 12,
1082 3615 1106 3660 p.
1120 3596 1162 3655 39;

195 3684 281 3735 dasch.
296 3683 418 3733 murat.
436 3702 460 3746 p.
474 3683 534 3734 stt.
932 3752 935 3756 Δ

229 3774 336 3825 ἰοιιι
353 3775 399 3825 trac
415 3774 510 3825 decreto
525 3791 621 3838 quoqne
634 3785 671 3824 est
686 3775 716 3824 da
731 3776 871 3826 sataerom
890 3778 1041 3842 sottegtoru
1055 3798 1100 3831 arcs
1115 3800 1164 3834 aar

196 3869 258 3916 tertii
275 3869 368 3932 meris
385 3877 496 3917 costuma
513 3867 705 3935 (Bapststiomt
717 3869 864 3919 andasta
878 3872 1048 3923 nauseam
1064 3875 1165 3941 aliisqae

196 3961 311 4011 sinilibus
329 3963 481 4025 argumentis.
499 3966 588 4021 sustu,
606 3960 692 4010 Gssch.
707 3980 731 4024 p.
744 3959 803 4010 stt.

231 4051 241 4084 ⁸
259 4055 348 4114 Busan,
366 4055 425 4103 ibid.
440 4054 499 4102 oolt.
513 4054 565 4102 aod.
586 4053 685 4104 tertsss.
699 4053 1162 4127 56,p.13;sarasnsss,§20.aet,t;

199 4149 313 4204 ιιῆΙιιη,
331 4163 369 4205 op.
386 4165 408 4194 c.
422 4164 443 4207 p.
456 4143 498 4192 72.
