2738 4740
648 438 711 499 212

194 612 309 691 luerat,
333 606 480 672 ut·hocce
497 608 690 685 irutitutum,
714 606 764 673 cui
785 606 849 670 illic
868 604 988 669 florenti
1010 603 1165 688 originem

195 745 305 809 magna
324 731 409 806 parte
433 719 587 786 debuisset
608 721 717 785 similia
746 719 871 806 reliquis
897 716 1021 783 circulis
1043 717 1166 801 imper-

196 833 290 899 tiendi
315 832 451 897 studium
476 834 627 919 cujusque
661 832 761 898 edicto
782 831 941 916 complura
960 829 1094 915 proinde
1116 851 1164 895 ca·

193 946 256 1031 pita
286 946 422 1031 recipere
442 946 620 1030 placuisset,
643 945 683 1011 ad
708 945 802 1009 ritum
828 943 990 1030 bucusque
1018 943 1162 1008 notatum

194 1060 342 1125 celebrari
365 1060 430 1125 illic
450 1061 482 1124 in
505 1072 659 1145 posterum
678 1080 804 1146 quoque
825 1069 977 1143 oporteret
994 1058 1018 1122 ¹.

237 1172 361 1259 Optime
378 1194 449 1236 rero
469 1174 620 1258 perspexit
633 1194 684 1237 rex
699 1193 852 1251 carosus,
870 1192 931 1236 uon
950 1192 1025 1235 sane
1038 1170 1160 1256 proprio

81 1301 83 1304 ·
192 1295 308 1362 marte,
340 1306 463 1361 rerum,
491 1284 646 1350 ordinibus
676 1286 708 1349 iu
739 1284 993 1350 consultationem
1027 1282 1158 1358 vocatis,

4 4280 98 4456 N

191 1398 317 1462 statuis
338 1418 403 1461 sesa
422 1396 460 1462 de
476 1407 537 1462 tam
553 1399 637 1486 gravi
657 1398 835 1484 quaestione
851 1397 894 1460 las
914 1418 979 1460 esse
992 1395 1016 1460 ².
1045 1395 1073 1459 A
1091 1397 1159 1483 qui-

192 1510 250 1575 bus
267 1520 370 1595 autem
384 1509 454 1576 ideo
469 1511 600 1576 maxime
614 1521 678 1578 rata
693 1507 866 1574 essebubita
881 1509 958 1595 legis
971 1507 1004 1575 d.
1023 1511 1065 1576 15
1081 1511 1159 1595 Aug.

194 1626 277 1689 1828
307 1623 417 1708 placita
443 1622 603 1702 ridentur,
636 1623 739 1709 quod,
762 1644 843 1709 quae
860 1622 1063 1707 provinciales
1089 1645 1160 1688 con·

190 1737 293 1801 mones
315 1736 456 1822 exiguam
477 1747 596 1801 tantum
615 1737 827 1801 auctoritatem
848 1734 975 1799 exenni
999 1738 1086 1804 1822
1109 1736 1160 1802 de·

189 1855 273 1910 creto
292 1845 418 1909 luissent
437 1843 577 1929 adeptae,
601 1847 794 1923 carumdem,
817 1845 849 1910 iu
870 1845 994 1913 circulis
1014 1847 1160 1913 adminis-

189 1955 323 2035 trandis,
347 1957 469 2022 tributis
486 1956 531 2021 ibi
549 1957 726 2042 praesertim
743 1957 967 2042 dispertiendis,
987 1962 1161 2046 provincia-

189 2069 271 2152 libus
293 2069 437 2134 oncribus
459 2067 700 2154 comprobandis,
716 2070 785 2134 satis
805 2071 919 2154 amplas
936 2092 1024 2137 nunc
1043 2072 1161 2139 futuras

188 2193 303 2269 partes,
324 2182 518 2248 manifestum
538 2180 650 2248 esset3.
674 2180 931 2269 Quandoquidem
952 2184 1051 2271 igitur
1066 2185 1160 2253 bucce

188 2297 258 2382 lege
266 2295 459 2380 provincialis
471 2295 707 2380 repraesentatio
719 2297 811 2384 longe
821 2297 922 2361 serius
937 2298 1161 2378 contineretur,

186 2406 302 2470 factum
325 2405 398 2470 inde
413 2418 473 2484 est,
494 2418 540 2483 ut,
557 2408 582 2470 si
599 2408 744 2494 principis
763 2409 1005 2476 nominationem
1027 2415 1160 2491 omittas,

187 2517 293 2604 quovis
308 2516 689 2596 incirculo,electisocto
710 2532 740 2585 et
758 2522 957 2609 quadraginta
980 2525 1160 2603 candidatis,

187 2627 371 2694 consiliarios
396 2628 504 2715 viginti
522 2641 672 2717 quatuor,
705 2633 846 2698 classium
864 2636 1011 2702 servanda
1031 2659 1158 2725 propor-

186 2742 286 2818 tione,
309 2738 497 2826 designuturi
512 2742 537 2820 ⁴,
565 2743 650 2829 quod
672 2744 763 2809 modo
785 2743 932 2824 diximus,
962 2748 1040 2813 ratio
1064 2752 1156 2813 ctiam

185 2855 254 2918 satis
274 2853 436 2941 diligenter
464 2875 570 2919 eorum
600 2855 638 2919 sit
663 2855 765 2921 habita
796 2858 1001 2942 placitorum,
1030 2861 1156 2948 quibus,

186 2965 335 3030 decennio
354 2969 623 3045 ante,cou1munis
644 2970 736 3033 totius
755 2969 861 3056 populi
880 2984 1092 3058 superstructa
1110 2997 1157 3040 re·

185 3080 386 3161 praesentatio
403 3080 520 3149 luisset.

145 3242 150 3250 .
229 3190 369 3277 Namque
383 3191 574 3275 injunctum,
593 3206 628 3258 ut
639 3195 677 3260 ad
692 3196 923 3281 provincialium
944 3197 1157 3288 delegatorum

185 3302 381 3369 selectionem
402 3316 535 3387 quatuor
564 3307 681 3371 civium
707 3307 843 3386 ordines,
869 3332 1017 3396 agrorum
1039 3313 1159 3380 domini

184 3421 377 3433 ——..„

187 3476 301 3524 llbeuauo
309 3475 457 3538 auctoritate,
467 3478 492 3523 in
504 3476 521 3524 1.
533 3476 593 3537 apud
611 3490 760 3540 semmua,
770 3496 808 3542 op.
815 3497 837 3531 e.
846 3482 871 3529 t.
880 3483 901 3542 1,
910 3482 923 3547 8
931 3480 957 3546 2,
963 3492 1016 3533 not.
1029 3482 1074 3549 10,
1082 3505 1106 3550 p.
1116 3485 1155 3546 12ς

187 3581 340 3630 nxrrscxxr,
355 3570 374 3617 l.
384 3585 406 3618 c.
418 3586 439 3631 p.
449 3566 517 3627 287,
532 3582 605 3631 xcix,
619 3570 645 3617 ia
654 3571 839 3635 staatslexikou,
852 3574 877 3622 V.
886 3575 919 3635 11,
929 3592 950 3637 p.
962 3573 1013 3625 165
1023 3576 1059 3644 (r.
1070 3579 1158 3629 llbeiu·

185 3662 291 3729 briem);
308 3674 355 3709 ron
365 3674 448 3709 sturm
458 3671 481 3710 et
491 3674 537 3710 ror
545 3674 657 3725 ramex,
665 3681 704 3725 op.
713 3681 734 3712 c.
744 3665 799 3714 ibid.
810 3670 823 3733 8
833 3665 856 3729 l,
867 3677 916 3718 aot.
929 3667 945 3717 3
955 3670 1001 3736 et§
1011 3669 1036 3733 t,
1046 3683 1100 3723 aot.
1110 3673 1133 3721 l.

220 3752 228 3784 ¹
247 3755 339 3802 Decret.
354 3753 377 3801 d.
395 3752 408 3800 l
425 3755 524 3803 Jaauu.
542 3751 618 3816 1822,
637 3755 698 3821 811.

218 3846 228 3878 ²
246 3848 403 3910 Strictum,
420 3849 438 3896 1.
457 3865 478 3897 c.
494 3865 517 3910 p.
532 3844 597 3905 288;
618 3861 731 3913 scutrum,
749 3870 787 3914 op.
804 3869 826 3901 ο.
838 3853 863 3901 l.
881 3853 902 3915 1,
918 3871 940 3916 p.
959 3852 1021 3919 162,
1042 3875 1099 3923 sqq.

220 3937 295 3986 ³Lex
310 3940 339 3988 de
355 3940 422 3989 ordd.
439 3941 579 4003 provincial.
596 3941 671 3990 instit.
691 3942 715 3990 d.
735 3941 767 3991 15
784 3947 843 4006 lug.
864 3941 939 4008 1828,
958 3947 1081 4015 881-4,
1101 3952 1159 4002 coll.

186 4036 272 4084 temet.
290 4033 302 4081 l
318 4035 415 4083 lanan.
432 4031 510 4096 1822,
523 4034 550 4099 88
566 4035 588 4082 11
606 4046 629 4083 et
645 4034 677 4084 X.
696 4035 907 4103 tidsxnracxrx,
925 4039 944 4089 1.
954 4056 976 4088 e.
985 4060 1010 4105 p.
1023 4040 1088 4109 288,
1098 4043 1159 4096 289.

220 4125 231 4159 ⁵
248 4126 303 4175 Eud.
316 4128 365 4187 lex,
382 4127 395 4192 8
415 4125 456 4188 15,
472 4127 504 4175 al.
515 4123 541 4189 2,
562 4127 617 4176 coll.
633 4127 662 4194 88
678 4127 702 4191 5,
722 4127 747 4189 8,
766 4129 806 4178 11.
