2738 4740
663 453 703 515 87

201 634 361 699 butariam.
406 634 491 698 Licet
517 642 621 698 autern
647 630 888 695 inordinatione
912 631 984 695 anni
1010 636 1093 698 1816
1114 630 1167 694 de-

201 746 294 810 claret
317 747 476 831 princeps,
490 744 591 808 nrelle
611 765 643 807 se
661 742 817 830 integrum
836 740 892 806 sibi
915 765 1033 808 serrare
1055 743 1169 827 injun-

200 858 392 945 »gendarum
424 858 618 943 vectigalium
650 856 868 920 facultatem:’'
900 855 1023 938 subjicit
1047 860 1167 920 statim:

200 971 302 1056 »qood
319 970 357 1034 ad
369 970 525 1055 praediolo
541 969 692 1032 tributum
709 968 846 1043 attineat,
857 965 1014 1031 decretum
1030 989 1062 1032 se
1076 990 1168 1031 suum
1260 952 1263 957 ⁵

199 1084 385 1170 »quotannis
406 1083 561 1147 ordinibus
582 1104 645 1146 esse
659 1079 953 1166 suppositurum.’'¹
983 1083 1083 1166 Atque
1096 1080 1169 1144 alibi

198 1198 229 1261 id
251 1208 369 1262 tantum
389 1197 517 1260 vetitum
540 1217 604 1259 esse
621 1195 813 1281 pronuntiat,
834 1194 1030 1281 »quominus‚
1053 1193 1169 1279 absque

200 1310 471 1393 »comprobatione
504 1308 712 1392 imperatoria,
747 1309 810 1372 ullo
840 1308 874 1371 in
902 1328 984 1384 casu,
1010 1306 1169 1392 vectigalia

201 1422 398 1506 »tributaque
417 1422 456 1484 ab
478 1420 634 1485 ordinibus
656 1422 890 1507 imponantur:”
904 1420 985 1483 salvo
1007 1417 1043 1482 iis
1064 1418 1168 1482 relicto

195 1534 268 1617 jure
292 1532 522 1610 »distribuendi‚
543 1532 744 1611 custodiendi,
764 1531 946 1618 procurandi
967 1532 1078 1596 tributa
1099 1531 1168 1609 illa,

200 1645 333 1732 »quibus
359 1644 500 1731 princeps
532 1648 672 1711 tellurem
700 1668 852 1733 agrosque
874 1645 1065 1711 obstrinxerit
1093 1667 1168 1730 pcn-

199 1759 387 1844 »dentesquc
407 1758 479 1823 inde
494 1760 659 1824 solutiones
675 1760 863 1834 moderandi,
874 1759 1066 1824 observandis
1083 1781 1170 1845 prac-

197 1871 314 1956 »ceptis
331 1894 365 1936 ea
378 1869 416 1935 de
433 1893 465 1936 rc
479 1883 532 1936 ant
547 1895 564 1937 a
580 1871 719 1959 principe
729 1873 796 1957 jam
811 1871 887 1937 dotis
901 1883 953 1937 aut
968 1872 1000 1937 in
1011 1882 1168 1957 posterum

197 1985 308 2049 »otiam
339 1983 521 2061 edenrlis,”²
566 1985 746 2050 Tenendum
776 1997 821 2049 est
851 1984 928 2049 nibil
955 1986 1082 2051 omnino
1115 1985 1169 2048 dc-

196 2098 281 2163 cerni
311 2118 397 2183 posse
420 2120 438 2163 a
471 2107 623 2161 conventu
645 2099 760 2182 absque
780 2097 970 2181 imperatoris
991 2097 1167 2182 interposita

196 2208 426 2272 confirmatione
444 2208 467 2273 ³.
502 2208 648 2272 Concessa
674 2228 746 2270 vero
779 2207 937 2271 ordinibus
968 2208 1094 2271 facultas
1123 2219 1167 2272 cst

196 2332 232 2384 ut
247 2322 277 2384 in
294 2321 503 2407 congressibus
524 2320 597 2396 suis,
615 2341 721 2404 preces
741 2341 777 2384 ac
795 2319 964 2396 relationes,
980 2322 1105 2384 nomine
1125 2322 1165 2385 ci-

196 2433 305 2508 vitatis,
324 2444 377 2496 aut
394 2433 430 2496 ad
450 2434 551 2519 ipsum
568 2432 729 2498 mittendos
749 2444 859 2498 curent
871 2433 1097 2519 imperatorem,
1113 2445 1166 2499 aut

197 2547 346 2633 gubernio
360 2546 403 2610 rei
421 2547 561 2630 publicae
571 2546 728 2633 Tyrolicae
744 2546 914 2624 tradendas,
933 2547 1022 2631 cujus
1041 2559 1105 2610 torn
1122 2559 1166 2612 est

195 2658 297 2723 sidero
317 2671 350 2728 ut
367 2659 403 2723 ad
422 2662 522 2724 aulam
546 2660 691 2746 principis
711 2661 786 2725 istac
808 2661 1010 2746 perferantur.
1038 2663 1163 2748 Legatos

195 2773 232 2836 ad
243 2773 356 2858 regiam
369 2773 409 2836 ab
419 2773 574 2836 ordinibus
587 2796 659 2850 non,
673 2772 730 2836 nisi
741 2775 901 2858 impetrata
911 2776 1057 2859 principis
1068 2774 1163 2850 renio,

195 2887 274 2949 mitti
291 2886 361 2950 licet
379 2887 403 2951 ¹².
435 2888 510 2951 Cum
530 2886 686 2951 ordinibus
707 2886 827 2972 quoties
846 2886 920 2972 quid
938 2886 1165 2951 commonicare

197 2998 336 3083 princeps
357 2998 446 3073 solit,
468 3021 522 3083 per
544 2999 724 3082 rescriptum
743 2997 820 3060 illud
840 2999 1005 3082 peragitur.
1057 2998 1163 3084 Magis-

197 3119 291 3173 tratus
313 3110 404 3174 aulici
426 3111 545 3174 nonnisi
568 3133 621 3195 por·
640 3108 852 3193 interpositum
873 3096 1057 3194 guberbiurn
1075 3112 1166 3195 Tyro·

197 3222 291 3286 licum
302 3245 392 3308 ogere
404 3235 527 3306 possunt
539 3247 609 3287 curn
622 3222 778 3287 ordinibus
787 3220 928 3307 illudque
938 3224 1036 3306 ipsum
1047 3223 1165 3307 scriptis

197 3338 274 3400 notis
295 3359 366 3398 eunr
383 3337 413 3398 in
429 3336 520 3400 finem
536 3338 579 3400 uti
593 3335 718 3400 slebet5.
740 3335 879 3419 Denique
896 3335 1066 3400 uindicatur
1085 3336 1165 3399 ordi-

196 3449 286 3512 nibus
298 3449 349 3533 jus
368 3450 504 3534 proprios
522 3450 578 3513 sibi
597 3449 748 3533 subjectos
765 3447 923 3512 officiarios
941 3447 1118 3532 designandi
1139 3449 1161 3507 ὃ.

190 3608 282 3615 ..Π-Δ.

230 3723 235 3753 ¹
255 3723 358 3768 llrrlrnat.
377 3725 423 3768 rlrt.
443 3719 467 3767 'r'-
707 3717 717 3747 ²
735 3717 838 3766 ordinas.
859 3720 899 3764 tn
924 3717 949 3764 6.

228 3815 237 3842 ·“
256 3816 359 3862 llrrlinat.
379 3816 428 3862 Art.
451 3813 482 3858 15}
710 3809 718 3837 ⁴
737 3811 781 3858 tlrrl
794 3821 840 3857 nat.
862 3815 903 3856 Art
943 3808 980 3855 lli,

228 3908 236 3936 ⁵
254 3910 356 3955 tlrdioat
376 3909 423 3954 Art.
443 3905 482 3952 lli.
707 3901 835 3951 “llrrlinat
857 3906 902 3951 Art
924 3899 964 3948 l2.
