2738 4740
646 393 707 458 168

187 592 279 669 prout
298 600 402 664 reapse
420 575 562 664 expedire
580 575 748 643 commodis
769 577 814 642 rei
834 576 976 662 publicae
996 599 1160 657 censuere,

187 695 227 760 sb
240 692 325 759 omni
340 702 552 758 extraneorum
568 711 692 755 rumore
707 699 882 756 constanter
896 689 1022 754 auribus
1036 689 1161 756 aversis.

187 808 296 893 ltaque
314 828 332 871 a
353 805 488 884 nemine,
511 803 733 891 qualicumque
746 802 869 869 tandem
883 825 973 867 usum
988 814 1162 890 praetextu,

187 920 250 984 sire
275 919 376 1005 ipsum
404 918 466 983 sire
501 939 556 1003 per
595 916 787 1003 interpositos
819 915 894 980 alios
924 914 974 980 sel
1003 914 1162 980 tantillum

187 1030 261 1096 doni
281 1041 335 1097 aut
353 1030 506 1116 accepisse
527 1051 676 1117 umquam
706 1039 760 1095 aut
784 1029 991 1115 inposterum
1016 1040 1162 1115 acceptu-

189 1164 259 1209 rum
276 1164 351 1208 esse.
383 1143 463 1206 ltem
478 1140 628 1227 spondeo,
647 1142 810 1228 legationis
828 1142 1013 1207 in'alterum
1036 1153 1161 1207 coctum

189 1253 423 1342 consequendae
451 1253 564 1341 gratia,
591 1253 707 1318 nemini
739 1255 961 1341 qualicumque
990 1252 1083 1319 mmo
1110 1276 1163 1320 me

189 1379 244 1433 aut
264 1366 433 1433 condixisse
451 1365 567 1432 donum
585 1377 639 1432 aut
656 1367 791 1446 dedisse,
815 1389 918 1455 neque
936 1388 1085 1453 umquam
1106 1367 1163 1434 aa:

191 1493 296 1546 turum
316 1480 571 1546 condicturumve
588 1479 634 1548 ¹.”
667 1481 768 1562 Quam
789 1480 916 1567 quidem
933 1480 1097 1545 formulam
1117 1481 1162 1545 le-

192 1604 332 1682 gatorum
354 1614 389 1658 ea
412 1592 510 1658 tribus
527 1591 679 1678 prioribus
698 1593 857 1657 ordinibus
877 1593 1023 1658 electores
1038 1595 1101 1657 soti
1115 1595 1164 1658 sui

192 1690 304 1792 scripto
323 1705 463 1789 concepti
484 1703 653 1791 adjungere
681 1705 779 1769 solent
801 1705 971 1789 traditioui;
996 1727 1032 1770 er
1051 1717 1164 1792 quarto

191 1838 264 1882 vero
281 1817 453 1902 quintoque
470 1815 577 1880 ordine
591 1817 747 1895 electores,
759 1826 831 1882 ante
843 1819 939 1903 ipsam
947 1818 1163 1906 suffragiorum

191 1929 337 1995 lationem
367 1926 607 2007 instituendam,
640 1949 743 1993 coram
770 1930 860 2017 regiis
885 1930 1077 1996 mandatariis
1106 1933 1162 1996 eli·

193 2043 287 2132 gendi
317 2041 440 2130 negotio
467 2041 627 2127 praelectis
645 2039 842 2132 (Koniglicbe
860 2042 1162 2132 Wableommission)

193 2159 393 2246 pronuntiare
412 2167 555 2223 tenentur
569 2155 594 2223 ².

238 2273 388 2358 Denique,
408 2292 448 2335 ne
463 2291 519 2355 per
536 2282 747 2356 procuratores
769 2270 906 2336 lerautur
929 2270 1071 2357 suffragia
1094 2270 1165 2356 lego

194 2396 334 2463 caretur,
359 2384 408 2448 edi
433 2384 486 2448 illa
511 2394 651 2469 oportere
675 2384 861 2450 decernente
884 2386 924 2471 ab
949 2385 1020 2470 ipsis
1048 2384 1166 2450 civibus

87 2556 93 2568 ,
194 2496 319 2581 negotio
337 2495 385 2558 isti
402 2493 544 2559 obeundo
563 2494 742 2582 designatis,
762 2496 931 2562 dummodo
949 2495 1056 2584 viginti
1071 2498 1165 2583 quin-

196 2628 274 2695 que,
296 2615 350 2670 aut
375 2605 401 2670 si
427 2605 533 2690 populi
556 2605 757 2672 mandatarios
782 2609 910 2674 electuri
937 2610 1012 2687 sint,
1040 2609 1166 2696 triginta

195 2726 324 2785 aetatem
348 2739 499 2803 annerum
518 2718 727 2804 superaverint
743 2719 769 2786 ³.

650 2929 722 3012 §a

256 3081 307 3148 He
330 3084 481 3150 electione
493 3106 721 3174 possessorum
736 3108 894 3175 agrorum
914 3109 986 3151 cusa
998 3087 1110 3174 juris·

483 3198 624 3265 ds'ets‘osse
636 3200 882 3288 potn‘mom'als'.

241 3398 405 3485 Postquam
421 3397 460 3463 de
477 3399 677 3466 electionibus
695 3401 898 3468 iactitandisa
917 3422 989 3490 rege
1005 3400 1063 3464 fuit
1083 3399 1169 3466 edic·

199 3520 277 3589 tum,
298 3511 519 3596 praefectorum
540 3515 572 3576 in
593 3513 723 3601 singulis
743 3512 928 3580 districtibus
947 3513 960 3558 ⁴
979 3523 1023 3577 est
1045 3534 1166 3586 curare,

233 3718 335 3770 ¹Rtlict.
352 3722 381 3769 de
398 3736 467 3769 cons.
485 3720 536 3769 ord.
553 3721 579 3770 Τ.
599 3723 619 3785 l,
636 3721 649 3787 d
667 3719 707 3771 12.

232 3812 321 3861 ’thid
339 3814 357 3862 l.
375 3810 482 3879 c.§l2,
500 3814 533 3862 al.
550 3811 576 3862 3.
732 3811 820 3863 ⁸tbtt.
838 3815 857 3864 l.
875 3831 896 3863 c.
913 3816 927 3880 d
945 3812 984 3862 13.

232 3902 243 3936 ⁴
260 3908 288 3954 ln
313 3906 412 3968 singulis
429 3906 524 3955 circulis
541 3908 591 3955 aias
608 3905 754 3955 districtibus
770 3907 971 3955 administratione
988 3922 1095 3970 supremo
1112 3908 1168 3956 loeo

198 3997 303 4061 iungitur
329 4000 422 4045 Praeses
444 3998 575 4066 (Priaideat
601 3999 642 4047 der
667 4000 797 4063 llagiesuag
822 4000 871 4048 sire
895 4000 1166 4065 acuant-conmissae).

199 4091 273 4153 llrsjus
291 4107 345 4140 reso
363 4090 407 4138 snb
425 4091 533 4153 auspiciis
551 4102 635 4141 cuncta
653 4092 745 4156 negotia
764 4092 813 4141 bini
832 4102 913 4142 costus
930 4091 1089 4152 moderantur,
1107 4069 1168 4155 quo·
