2738 4740
652 450 714 513 159
793 511 799 523 ,

195 655 268 698 men
291 632 436 698 ambabus
459 654 495 697 eo
522 630 650 716 amplior
672 633 705 695 in
734 639 886 695 conventu
911 628 1052 695 ordinum
1075 632 1160 696 locus

195 746 273 811 soret
290 744 516 819 attribuendus,
539 765 603 830 quo
626 743 696 828 plus
719 765 755 807 ex
781 764 903 820 rerum,
938 744 988 808 cui
1011 765 1101 829 opera
1120 745 1159 809 ab

196 857 232 921 iia
255 870 426 936 novaretur,
453 855 651 923 fabricatione
673 855 706 920 in
732 876 928 922 communem
950 856 993 920 rei
1019 857 1160 941 publicae

195 971 332 1036 l'ructum
354 968 538 1035 redundaret
563 967 717 1048 utilitatis3
741 988 781 1032 ne
806 987 877 1032 roro
896 966 1058 1032 commodo
1076 989 1160 1032 man·

195 1081 381 1148 datitiorum
404 1101 533 1146 numero
557 1090 689 1166 utroquo
719 1079 827 1144 barum
852 1080 994 1145 classium
1018 1079 1160 1146 destituta

196 1204 355 1270 maneret,
379 1216 397 1259 a
417 1192 530 1279 quibua
551 1191 626 1278 quid
649 1192 720 1278 ipsis
740 1193 895 1277 expediret
915 1193 1011 1278 probe
1030 1194 1161 1257 tenenti·

195 1305 254 1370 bus
288 1305 367 1368 salus
399 1302 591 1390 felicitasque
620 1303 796 1369 earumdem
822 1302 974 1390 aptissime
1001 1326 1160 1390 promore-

198 1426 315 1497 rentur‚
328 1416 396 1499 ipae
411 1413 548 1497 justitiae
566 1437 670 1480 seusus
685 1437 778 1502 quam
794 1416 927 1482 maxime
943 1416 1160 1482 dissuaderet¹.

241 1636 460 1722 Repudiandae
479 1638 511 1702 in
528 1640 659 1704 alterum
675 1650 797 1706 coetum
811 1640 970 1727 legationis
989 1662 1098 1706 cauma
1116 1643 1159 1707 le

198 1749 322 1837 gitimae
334 1760 401 1813 utut
412 1749 444 1814 in
459 1751 523 1836 ipsa
531 1750 751 1816 Constitutione
766 1764 951 1819 memoratae
965 1775 1026 1819 non
1035 1755 1159 1832 luerirrt,

199 1883 304 1927 rerum
323 1863 357 1926 in
376 1861 482 1928 Edicto
509 1861 549 1928 dc
566 1872 718 1928 conventu
748 1862 891 1930 ordinum
924 1869 1158 1946 contineantur,

197 1995 294 2061 quum
317 1984 417 2039 tamen
439 1996 543 2039 omues
568 1973 689 2039 ordines
709 1996 861 2061 peraeque
880 1975 1043 2060 respiciant
1060 1975 1160 2061 adque

196 2085 373 2150 universalia
400 2086 510 2170 placita
538 2085 649 2150 naturd
676 2087 806 2151 maxime
821 2109 874 2151 sua
891 2087 1079 2166 referantur,
1101 2088 1161 2154 hoc

194 2197 384 2283 potissimum
407 2199 475 2263 loco
494 2197 634 2263 annotari
657 2218 707 2261 eoa
728 2219 745 2262 a
767 2196 853 2261 nobis
878 2195 990 2288 debere
1008 2197 1161 2264 existima·

196 2331 275 2376 mus.
318 2311 400 2397 Lege
430 2309 526 2395 igitur
554 2318 681 2373 cautum
708 2308 895 2393 reperimus,
925 2330 966 2374 ne
986 2311 1044 2373 rite
1063 2311 1161 2376 electo

195 2421 383 2486 mandatario
399 2420 531 2485 liberum
549 2421 598 2498 ait,
618 2421 740 2484 muneri
757 2419 789 2483 in
804 2442 837 2485 se
852 2422 961 2486 collato
975 2423 1160 2505 renuntiare,

196 2533 255 2599 nisi
288 2543 342 2598 aut
372 2531 520 2617 ejusmodi
548 2532 664 2596 laboret
689 2531 900 2617 aegritudine,
936 2555 997 2620 qua
1025 2534 1064 2601 ad
1098 2535 1160 2600 ullu

195 2645 317 2733 negotia
332 2644 466 2733 gerenda
485 2645 613 2730 longum
627 2645 659 2708 in
680 2654 800 2730 tempus
819 2645 958 2730 ineptum
978 2669 1048 2712 eum
1065 2647 1161 2727 reddi,

194 2756 385 2823 medicorum
412 2757 585 2822 testimonio
608 2757 769 2843 probetur,
797 2758 908 2824 autin
934 2760 977 2822 rei
1005 2760 1066 2824 sire
1096 2760 1160 2824 do-

195 2868 338 2935 mesticae
364 2868 425 2932 sire
451 2868 606 2934 familiaria
638 2868 701 2933 aire
729 2869 819 2934 etiam
844 2869 985 2953 publicae
1013 2891 1162 2955 procura-

195 2981 287 3059 tione,
309 2980 391 3045 illius
411 2980 531 3065 generis
551 2979 705 3065 implenda
728 2979 838 3044 babeat
858 2980 967 3057 officia,
989 3002 1081 3067 quae,
1100 2990 1163 3044 tes·

196 3092 277 3157 tibus
307 3093 533 3179 magistratibus
559 3094 699 3159 electioni
726 3093 921 3178 praepositis,
957 3094 1163 3159 assiduitatem

197 3203 263 3288 ejus
286 3203 454 3268 necessario
474 3205 629 3289 postulent
642 3203 665 3269 ².
700 3206 790 3269 Hisce
812 3205 976 3270 excusandi
996 3206 1164 3271 rationibus

196 3316 414 3402 obligationem
435 3315 670 3402 subjungimus,
690 3317 728 3381 iis
748 3317 889 3382 omnibus
907 3318 1090 3403 impositam,
1109 3318 1163 3403 qui

196 3427 325 3496 civitatis
347 3427 450 3514 aliquo
474 3449 603 3493 munere
629 3431 806 3516 iungantur,
829 3440 883 3494 aut
905 3430 1025 3495 emeriti
1047 3428 1161 3515 stipen-

195 3541 281 3608 dium
309 3563 344 3606 er
367 3541 483 3606 aerario
504 3542 689 3628 percipiant,
711 3554 764 3607 aut
790 3542 923 3628 denique
953 3543 996 3607 rei
1023 3542 1165 3628 publicae

195 3655 321 3719 nomine
350 3654 486 3719 obstricti
509 3653 613 3741 aliqua
642 3666 728 3740 parte
752 3654 937 3733 habeantur,
962 3675 1039 3740 quos
1062 3655 1163 3739 eninr,

196 3766 276 3831 sicut
297 3767 443 3831 electores
458 3777 541 3830 recte
555 3767 708 3846 constitui,
723 3766 764 3832 ita
780 3768 956 3853 popularem
979 3768 1163 3855 legationem

231 3937 240 3970 ¹
257 3938 413 4000 Seruianae,
432 3956 469 4000 op.
488 3939 530 3986 cit.
549 3938 573 3985 t.
592 3938 614 3995 l,
630 3937 644 4004 p
662 3935 688 4000 2,
705 3947 757 3987 not.
776 3937 823 3995 10;
840 3939 1025 4003 Srcaulexikou,
1042 3941 1060 3989 l.
1078 3957 1101 3990 e.

231 4028 332 4079 tutior.
352 4031 382 4078 de
407 4039 517 4079 concam.
543 4028 619 4079 ordin.
639 4029 666 4077 iu
691 4031 775 4079 bavar.
791 4030 814 4078 d.
832 4028 868 4078 26
883 4033 939 4096 ttaji
955 4049 977 4081 c.
997 4031 1064 4082 1818
1091 4034 1163 4100 (apud

197 4126 288 4184 edun,
306 4123 507 4184 Emplastra.
526 4124 551 4170 t.
570 4124 592 4183 l,
611 4123 637 4171 P.
655 4123 676 4186 l,
694 4140 719 4186 p.
737 4121 883 4192 169-176)
893 4125 939 4174 tir.
950 4126 969 4190 l,
980 4125 994 4193 d
1005 4128 1049 4191 dl,
1067 4143 1080 4175 ι
1097 4135 1122 4175 et
1138 4128 1164 4175 b.
