2738 4740
614 475 651 537 61

156 660 338 747 plecteretur
368 658 511 723 exercitio
542 656 702 721 definitum
731 656 852 734 suisset,
887 659 995 724 harum
1019 669 1123 724 autern

156 773 318 859 plorasque
350 770 498 856 ejusmodi
527 792 593 834 esse
615 780 791 856 appareret,
816 791 912 856 quae,
938 773 1069 859 antiquo
1087 795 1124 837 ao

156 908 251 973 prope
273 886 430 950 communi
448 883 605 949 civitatum
616 883 698 968 juro,
711 882 770 946 nisi
789 882 968 968 interposito
979 885 1123 949 ordinum

156 997 296 1074 adsensu,
319 1007 402 1062 certe
417 995 639 1061 consultatione
654 1016 727 1060 cum
738 995 775 1056 iis
789 993 936 1069 instituta,
948 999 1125 1079 pertractari

156 1110 228 1175 olim
261 1109 388 1174 minime
414 1109 601 1193 potuissent,
634 1106 706 1172 bino
738 1108 843 1172 locum
870 1107 959 1170 illurn
985 1106 1125 1172 disertam

155 1222 313 1287 continere
326 1219 464 1285 arbitrati
485 1230 557 1283 sunt
578 1217 721 1283 ordinum
738 1218 970 1305 privilegiorum
990 1219 1127 1306 abroga-

155 1333 270 1397 tionem
283 1332 306 1395 ¹.
341 1332 431 1396 Hisce
452 1331 546 1417 igitur
565 1331 696 1417 aliisque
715 1330 863 1394 similibus
885 1330 1053 1396 rationibus
1071 1331 1128 1408 usi,

161 1445 251 1508 multi
271 1444 423 1530 principes
441 1443 631 1519 Germanici,
649 1442 688 1506 ab
706 1463 788 1507 anuo
809 1442 882 1508 inde
907 1448 1006 1520 1806,
1030 1443 1128 1508 edicta

157 1558 438 1643 promulgaverunt,
455 1554 567 1641 quibus
586 1556 619 1619 in
636 1554 756 1620 civitate
772 1556 891 1642 quique
906 1578 959 1620 sua
980 1556 1077 1622 illisve
1095 1557 1128 1621 in

157 1691 191 1733 ea
206 1668 372 1746 tractibus,
395 1668 448 1733 ubi
474 1689 546 1753 prae
562 1669 688 1732 caeteris
703 1667 740 1732 ad
765 1691 836 1732 eum
860 1690 959 1755 usque
979 1670 1061 1734 diem
1083 1670 1129 1734 ri-

157 1783 288 1869 guisset,
310 1781 459 1846 sublatam
483 1781 520 1845 iri
541 1779 683 1844 ordinum
708 1781 957 1847 constitutionem
980 1783 1127 1849 decerne-

160 1905 239 1960 rent.
285 1893 376 1977 Quod
397 1893 461 1974 ubi,
483 1895 629 1979 rescripto
647 1893 678 1961 d.
700 1899 743 1961 30
760 1896 831 1960 Deo.
847 1918 874 1962 a.
891 1899 987 1974 1805,
1011 1897 1129 1983 primus

156 2007 296 2071 omnium
318 2028 369 2070 rex
384 2007 656 2093 Wurtemborgiao
666 2007 784 2073 iecisset
795 2007 818 2082 ²,
832 2006 924 2091 hujus
942 2011 1127 2096 exemplum,

156 2119 186 2185 d.
207 2124 249 2184 23
272 2117 341 2201 Maji
365 2123 461 2195 1806,
486 2119 629 2183 Badensis
650 2119 765 2183 elector
784 2132 906 2185 secutus
933 2132 993 2198 eat,
1016 2134 1128 2187 aucto·

158 2232 244 2297 ritate
262 2232 472 2318 Brisgarensos
492 2230 613 2295 ordines
635 2230 752 2296 idcireo
770 2233 884 2316 privari
906 2243 1046 2318 oportere
1063 2233 1128 2298 dio-

156 2345 257 2422 titans‚
270 2345 352 2431 quod
370 2343 446 2410 haec
459 2344 653 2430 perficiendis
671 2346 703 2408 in
723 2344 845 2409 civitate
864 2345 1128 2411 emendationibus

157 2457 377 2545 impedimento
388 2459 453 2522 iore
466 2457 627 2534 rideretur,
647 2458 842 2541 popularium
868 2469 970 2523 autem
991 2459 1128 2525 felicitati

157 2595 211 2658 per
227 2572 355 2659 collegia
373 2571 585 2659 gubernationi
606 2571 774 2657 praeposita
792 2572 861 2636 satis
878 2573 1041 2640 efficaciter
1056 2593 1127 2659 pro-

193 2863 199 2895 ¹
218 2868 270 2915 Art.
287 2863 321 2913 26
335 2869 386 2916 det.
396 2867 464 2916 Coni.
474 2867 582 2917 utensi.
598 2867 657 2917 baeo
668 2868 788 2931 leguntur:
809 2868 870 2916 rLer
887 2867 961 2916 droits
971 2868 1000 2915 de
1009 2870 1129 2918 souverai-

158 2961 212 3006 nett
230 2967 283 3007 aont
300 2975 359 3007 ceux
377 2959 407 3007 de
423 2960 571 3024 legislation,
588 2961 617 3009 de
632 2961 770 3025 juridiction
788 2966 904 3022 supreme,
922 2961 951 3010 de
962 2960 1128 3024 hautepoliee‚

158 3050 188 3098 de
205 3051 364 3113 conseription
380 3053 491 3102 militaire
509 3070 540 3102 on
557 3054 587 3102 de
604 3064 761 3103 reorntement
778 3063 802 3101 et
819 3054 944 3115 rl'irnpdt.”
969 3053 1003 3101 (Ξῖ.
1022 3058 1127 3114 lustru,

158 3142 186 3190 0.
203 3142 232 3190 R.
250 3141 273 3191 d.
292 3143 319 3191 T.
337 3144 365 3191 B.
382 3143 396 3210 ᾗ
413 3145 455 3208 tt,
472 3145 572 3195 Stratrr.
591 3146 615 3196 d.
633 3147 735 3196 Rbeinb.
752 3148 765 3213 p
784 3143 842 3195 103.
876 3146 928 3210 Quo
945 3145 1018 3207 igitur
1028 3145 1129 3194 articulo

158 3234 265 3284 ordinum
289 3244 415 3297 spectatam
439 3238 614 3302 abrogationem
637 3240 720 3301 suinae,
746 3237 919 3287 oontendarnnt
944 3238 1013 3286 etiam
1030 3250 1130 3298 laton,

158 3329 280 3390 Beitr‘a'gen
303 3318 334 3376 in
356 3345 377 3376 e.
395 3329 458 3393 tttg.
482 3332 579 3380 Staator.
597 3332 622 3381 d.
651 3331 737 3381 utem.
755 3330 849 3379 bonde·
865 3329 972 3392 Straton,
989 3350 1013 3397 p.
1031 3331 1058 3392 7,
1076 3349 1129 3395 sqq.

159 3433 229 3480 turm,
255 3420 355 3483 Spatana.
374 3421 524 3486 Dantrllnug
540 3424 582 3472 des
600 3424 685 3472 Rboin.
704 3422 808 3485 eunden,
825 3442 850 3489 p.
868 3419 927 3470 209.
960 3422 1011 3471 Nisi
1027 3423 1130 3485 quodi·

159 3514 273 3575 distingui
299 3523 406 3576 oportrro
424 3516 540 3563 existimat
556 3516 619 3563 inter
635 3516 692 3564 illnr
709 3515 813 3577 ordinet,
830 3517 872 3577 qui
886 3517 941 3577 juro
958 3517 1131 3565 consentiendi

160 3608 196 3655 noi
214 3607 315 3654 fuissent
331 3615 402 3668 atquo
419 3624 468 3670 eor,
486 3608 573 3670 quibua
590 3609 749 3657 deliberandi
766 3607 835 3656 modo
852 3609 1002 3670 rnppetiiaret
1019 3608 1129 3670 incultu,

157 3701 191 3748 ita
212 3699 283 3746 atad
302 3700 358 3748 illor
376 3708 466 3748 tanturn
485 3700 605 3761 abrogatio
624 3700 770 3762 pertinuerit.
806 3701 831 3749 V.
847 3712 1054 3763 tauromenum,
1072 3699 1130 3749 ibid.

159 3794 199 3843 ttt.
217 3794 232 3839 t
251 3802 273 3840 et
292 3802 343 3840 aot.
361 3793 379 3838 t.

192 3887 352 3937 'innotavit
377 3885 422 3933 boo
446 3885 584 3947 retemptans
602 3897 722 3946 rrrnxorr,
739 3885 765 3931 in
782 3883 868 3932 Rbein.
886 3885 962 3947 Rund,
990 3887 1010 3947 t,
1028 3905 1051 3952 p.
1072 3885 1129 3936 138.

161 3979 210 4026 tit.
229 3980 298 4026 etiarn
316 3991 379 4026 xonn
396 3987 420 4025 rt
437 3990 548 4036 suuntur,
567 3977 627 4025 ttisr.
645 3977 748 4038 ubingen
760 3975 801 4023 der
811 3977 909 4036 Treitds,
924 3977 949 4025 V.
966 3978 1017 4039 tii,
1034 3996 1057 4041 p.
1068 3978 1131 4038 4373

162 4083 182 4116 n.
201 4084 245 4118 tort
265 4082 336 4129 nont,
354 4069 499 4117 Stratrrecht
516 4070 557 4116 der
575 4069 670 4130 Ktiuigr.
689 4068 850 4130 Wnrternberg
868 4067 919 4134 (alt.
935 4068 1042 4120 edTnb.
1053 4070 1129 4137 1840)

163 4165 187 4211 t.
206 4166 226 4223 Ι,
244 4182 266 4226 p.
285 4161 328 4222 22,
347 4179 399 4224 sqq.
