2738 4740
587 441 629 501 93

127 622 291 687 »tuendam
308 623 465 687 relationes
484 632 687 708 proponerent
700 621 762 686 sire
773 623 924 708 gubernio
941 623 1012 702 sire,
1028 623 1093 689 hu-

127 736 232 818 »J'usec
250 757 324 821 opo,
344 735 532 821 imperatori3
554 734 717 822 praecipue
733 756 805 799 vero
821 733 962 802 ordinum
980 739 1093 803 tutelae

125 848 296 932 »subjectas
311 846 416 914 baberi
427 847 594 913 custodiam
606 868 642 912 ae
652 846 895 912 distributionem
909 851 1093 916 tributorum

125 961 316 1026 ›ilundalium
337 983 374 1026 ae
396 961 577 1046 pensionum
596 958 643 1023 bis
663 959 903 1036 cohaerentium,
925 962 1092 1026 secundum

124 1072 294 1159 »principia
305 1072 345 1136 ab
355 1072 538 1157 imperatore
550 1057 713 1135 constituta
724 1081 777 1134 aut
792 1070 987 1155 inposterum
1002 1074 1092 1138 etiam

124 1183 368 1262 »eoustitueuda;
390 1183 612 1246 ordinationem
633 1193 700 1246 tum
720 1182 953 1253 contributionis
971 1196 1094 1270 propter

123 1295 336 1361 »domicilium
354 1293 486 1359 militare
498 1305 563 1357 turn
575 1294 725 1379 pecuniae
736 1293 929 1359 dominicalis
941 1295 1093 1376 ordinum;

124 1384 372 1474 »concessionem
391 1407 512 1490 jurium
531 1406 755 1494 indigenarum3
778 1407 962 1472 creationem
984 1409 1095 1496 magis-

124 1530 281 1613 »tratuum
305 1519 343 1584 ad
369 1519 488 1583 ordines
513 1518 750 1605 pertinentium
775 1507 951 1586 relationem
969 1521 1008 1586 de
1027 1544 1095 1588 cor-

123 1633 354 1719 »porationibus
383 1633 473 1697 sacris
496 1631 790 1720 (Stiltuugspliitzen)
817 1655 912 1720 reguo
931 1636 1094 1702 Galieiensi

124 1746 299 1810 »reservatis
320 1744 512 1830 propriisque
534 1743 801 1809 constitutionibus
822 1744 986 1827 instructis;
1008 1747 1094 1813 deni·

123 1880 207 1944 »que
217 1858 389 1922 tabularum
400 1857 563 1922 nobilitatis
573 1855 832 1946 (Adelsmatrilrel)
847 1861 1091 1928 curationem.”¹

122 1972 227 2036 Paullo
247 1993 318 2037 vero
334 1981 401 2055 post
413 1969 572 2056 profitetur
583 1970 749 2055 imperator
764 1971 842 2035 relle
859 1994 924 2037 sese
936 1974 1091 2063 integrum

122 2085 179 2150 sibi
196 2106 315 2149 serrare
335 2085 513 2148 universum
533 2082 614 2166 juris
639 2082 790 2147 tributarii
809 2084 969 2162 ambitum,
987 2088 1029 2152 ita
1047 2099 1091 2153 ta·

121 2221 203 2276 men,
219 2211 253 2263 ut
272 2219 488 2286 quaecumque
508 2195 667 2282 pensiones
685 2217 757 2259 curn
775 2196 887 2260 tributo
906 2197 1023 2262 lundali
1039 2221 1090 2262 eo-

121 2312 276 2388 haereant,
287 2308 339 2375 bas
350 2309 389 2375 ad
401 2309 541 2375 notitiam
555 2307 696 2373 ordinum
710 2310 873 2395 quotannis
889 2310 1092 2396 perferendas,

120 2424 301 2488 solemnium
328 2424 551 2509 postulatorum
577 2422 697 2486 indutas
725 2423 833 2499 forma,
861 2426 1041 2509 pronuntiet
1059 2427 1090 2507 ²3

122 2548 188 2601 tum
217 2537 361 2602 decernat
379 2536 512 2600 liberum
538 2536 605 2601 fore
628 2535 794 2615 ordinibus,
807 2537 845 2602 ad
860 2559 1091 2626 quemcumque

121 2649 214 2713 finem
231 2649 467 2736 assequendum,
482 2648 529 2712 rel
548 2648 623 2714 eitra
644 2669 824 2714 consensum
841 2651 999 2736 principis,
1016 2675 1090 2737 pen·

120 2762 235 2826 sionem
248 2763 384 2848 aliquam
395 2760 603 2847 praescribere
614 2761 768 2825 donumve
779 2763 911 2846 petere³.
920 2763 1004 2828 Circa
1012 2766 1091 2848 juris

120 2884 222 2938 autem
242 2874 456 2960 indigenarum
472 2873 701 2937 attributionem
719 2875 853 2938 sancitur
868 2897 907 2939 ue
925 2887 1090 2940 conventus

120 2987 195 3051 socii
212 3008 248 3049 ex
272 3008 326 3050 sua
350 2986 529 3051 auctoritate
557 2986 642 3050 illam
663 2987 777 3070 possint
798 3007 954 3062 exercere,
979 2989 1035 3051 nisi
1056 2990 1088 3051 in

121 3097 251 3185 gratiam
272 3120 389 3175 eorum,
406 3101 460 3185 qui
482 3099 618 3163 ordinem
629 3099 695 3182 jam
713 3100 938 3182 occupaverint,
953 3100 1014 3164 sire
1025 3100 1088 3188 dy-

111 3221 275 3289 nastarum
293 3210 355 3275 sire
372 3211 512 3294 equitum
531 3212 563 3275 iu
577 3210 707 3295 imperio
725 3208 883 3274 lustriaco
901 3210 924 3276 ².

210 3384 249 3473 D)
283 3386 333 3453 lle
357 3390 472 3453 selecto
493 3411 534 3453 ex
554 3395 726 3453 conventus
746 3390 847 3453 sociis
865 3388 1003 3476 collegio

432 3497 775 3584 (Lundesousochula.)

163 3663 203 3726 Ut
223 3660 254 3725 iu
278 3662 418 3749 Tyrolia,
434 3664 480 3728 sic
500 3662 532 3726 iu
552 3660 667 3726 Galicia
683 3681 819 3747 quoque,
839 3660 952 3725 decreti
969 3664 1087 3748 saepius

119 3775 203 3840 citati
226 3776 406 3842 auctoritate
427 3775 599 3840 institutum
623 3783 684 3850 est,
709 3784 760 3850 ut,
781 3784 902 3858 praeter
920 3776 1087 3842 solemnem

154 4032 160 4064 ¹
180 4035 247 4082 Deer.
265 4034 298 4098 id,
316 4033 367 4101 qd.
630 4030 640 4061 ²
658 4032 724 4079 Deer.
744 4030 777 4078 it.
795 4031 808 4096 q
826 4028 852 4092 9,
867 4030 934 4081 atu

153 4123 163 4155 ³
181 4127 246 4173 Beer.
265 4124 297 4173 id.
315 4127 328 4191 q
344 4121 370 4185 9,
388 4125 421 4176 al.
438 4125 463 4173 l.
630 4121 723 4172 ‘Dran
741 4122 773 4172 id.
792 4123 805 4191 §
822 4121 848 4186 9,
866 4123 898 4172 sl.
917 4122 941 4172 5.
