2738 4740
659 417 723 479 250

205 588 369 677 designati,
391 593 415 655 si
432 593 624 659 minorennes
641 595 700 658 sint
718 605 772 660 aut
791 595 864 662 aliis
890 597 938 664 de
959 602 1072 669 causis
1088 626 1108 670 a
1125 615 1200 671 cortu

205 704 407 788 comprobatis
430 706 655 791 impediantur,
681 707 852 792 quominus
877 710 917 774 in
947 725 1088 781 coctum
1114 715 1201 783 renti·

204 826 277 894 tent,
301 817 434 903 suppleri
459 827 583 902 possunt
600 819 639 883 ab
656 818 693 882 iis
711 818 870 904 proximis,
892 824 958 908 qui
975 848 1015 890 ex
1037 830 1200 915 praeceptis

202 932 278 1016 §ll
301 929 361 1017 leg.
380 929 453 1014 pub.
478 928 517 994 ad
544 930 622 994 illud
647 952 759 995 munus
789 931 995 1002 obeundum
1022 938 1135 1007 idonei
1155 941 1199 1006 br

202 1043 341 1109 beantur.
373 1042 592 1107 Possessoribus
609 1042 765 1130 dynastiae
787 1044 1000 1115 Wildenlele
1023 1075 1067 1120 ac
1091 1053 1198 1142 dycae-

102 1210 105 1217 .
202 1155 312 1219 tiarum
342 1152 644 1242 Scbdnburgensium
674 1177 856 1222 concessum
882 1159 923 1226 in
951 1184 1058 1231 omne
1085 1178 1196 1252 tempor

201 1280 255 1346 est,
273 1279 318 1344 ut,
337 1278 460 1353 propter
480 1267 687 1350 haereditaria,
705 1270 818 1355 quibus
835 1273 1022 1358 gaudeant,
1042 1279 1193 1368 suffragia.

199 1380 400 1445 mandatarios
416 1402 484 1444 suos
498 1381 531 1445 in
551 1390 672 1445 coetum
685 1381 839 1447 introduci
846 1384 1010 1468 jubeant,
1027 1391 1193 1456 dum-odo

200 1492 245 1557 his
255 1493 354 1558 adsint
372 1517 417 1569 ea,
432 1515 521 1581 quae,
533 1494 702 1559 secundum
714 1499 731 1582 §
742 1499 795 1570 74,
814 1498 1035 1583 requirantur
1051 1506 1190 1590 posside-

199 1618 314 1693 antque
328 1606 360 1670 in
379 1606 527 1670 Saronico
548 1628 641 1693 regno
665 1607 781 1671 bonum
800 1621 956 1694 equestre
976 1616 1002 1682 ¹.

242 1717 409 1782 Duodecim
437 1719 529 1803 legati
560 1741 762 1804 possessorum
791 1721 955 1789 bonorum
997 1731 1187 1816 equestrium

197 1832 354 1917 eliguntur
375 1829 407 1893 in
432 1830 631 1897 circularibus
651 1842 744 1920 atque
763 1833 795 1897 in
817 1836 1079 1918 provincialibus
1099 1845 1185 1908 Lusa-

197 1944 262 2008 ciae
277 1941 446 2027 Superioris
470 1945 671 2010 conventibus
689 1943 713 2012 ².

240 2055 402 2120 Electionis
413 2055 504 2121 officii
515 2057 665 2142 particeps
685 2056 871 2143 estquisque
883 2080 1049 2144 possessor
1069 2064 1181 2151 praedii

196 2167 351 2254 equestris,
376 2167 545 2234 secundum
567 2168 642 2255 legis
659 2167 698 2232 de
717 2167 920 2234 electionibus
938 2190 1116 2262 praecepta
1128 2177 1149 2242 ³.

237 2280 316 2366 Eligi
335 2291 457 2364 possunt
477 2290 595 2344 tantum
608 2279 652 2342 illi
668 2279 819 2344 bonorum
836 2285 1041 2366 equestrium
1059 2311 1177 2374 posser-

194 2414 290 2467 sorer,
311 2392 365 2477 qui
387 2414 422 2455 ex
444 2391 566 2476 praedio
589 2413 645 2456 suo
674 2392 840 2478 quotannis
859 2391 897 2458 ad
922 2395 1098 2465 minimum
1119 2401 1177 2466 duo

194 2504 289 2567 millia
302 2503 483 2567 thalerorum
496 2516 652 2591 tamquam
663 2506 795 2570 reditum
805 2507 977 2592 integrum,
990 2515 1175 2600 percipiant

193 2617 328 2683 Tabulae
338 2617 489 2681 bonorum
503 2618 692 2705 equestrium
702 2618 830 2703 justum
842 2619 954 2704 prioris
965 2632 1036 2688 tum
1048 2626 1173 2691 alterius

90 2770 94 2775 -
194 2742 298 2796 coetus
311 2731 550 2815 impertientium
568 2732 743 2816 perscripta,
760 2730 890 2795 subinde
908 2737 1172 2802 concurrentibus

192 2845 262 2930 ipsis
285 2843 500 2930 possessoribus
522 2844 554 2907 in
576 2843 775 2909 conventibus
795 2842 1000 2910 circularibus
1019 2860 1074 2913 aut
1095 2872 1169 2934 pro·

192 2957 384 3032 vincialibns,
417 2956 620 3020 retractationi
645 2952 845 3041 subjicienda,
865 2959 1063 3043 peragendae
1088 2963 1168 3027 eleo

192 3068 267 3133 tioni
288 3069 371 3132 omni
395 3078 530 3153 tempore
551 3077 682 3153 ponatur
705 3065 942 3132 tundamentum
962 3069 986 3135 ⁴.

235 3181 374 3267 Quisque
402 3181 508 3245 decem
530 3201 731 3266 possessorum
757 3180 910 3244 bonorum
932 3186 1164 3268 equestriuma

193 3316 265 3380 rege
292 3292 547 3380 designandorum
582 3314 617 3355 er
653 3313 716 3356 uuo
744 3292 920 3377 pluribusve
951 3295 985 3359 in
1013 3298 1163 3363 Saronico

192 3428 287 3495 regno
305 3406 367 3471 sitis
378 3407 465 3471 bonis
476 3407 665 3494 equestribus
675 3427 814 3470 annuum
831 3407 964 3472 reditum
975 3408 1161 3476 thalerorum

191 3521 227 3587 ad
241 3520 404 3584 minimum
424 3520 632 3607 quatermille
650 3520 767 3606 redigat
786 3530 914 3606 oportet.
936 3521 1041 3588 Potest
1061 3549 1114 3590 rex
1131 3525 1161 3588 in

191 3633 249 3699 bac
263 3631 401 3698 iacienda
424 3631 630 3696 nominatione
651 3633 797 3696 rationem
817 3652 943 3718 quoque
963 3631 1081 3702 habere
1098 3658 1161 3723 poa·

191 3768 338 3813 sessorum
359 3745 566 3833 dynastiarum
583 3747 718 3823 (Recess-
730 3744 792 3809 und
808 3743 1160 3832 Sttindesberrschalten)

228 4032 234 4065 ¹
255 4034 313 4081 roro.
332 4033 344 4096 p
361 4030 402 4079 cr.
680 4025 689 4055 ²
709 4025 768 4073 rura.
786 4026 799 4090 q
816 4022 859 4084 55,
877 4025 935 4072 ..1.

227 4125 236 4157 ³
255 4124 314 4172 rora.
332 4124 345 4187 q
362 4121 405 4183 ss,
422 4121 454 4167 ιι.
472 4117 496 4166 2.
680 4116 766 4164 rtur.
785 4118 798 4180 s·
817 4115 859 4175 55,
878 4116 909 4162 ιι.
928 4114 954 4162 s.
