2738 4740
549 456 608 520 171

97 647 302 732 appositorum
322 643 449 730 singulis
471 640 616 728 symbolis
639 652 788 717 votorum,
811 644 927 707 omissis
949 645 1061 709 electo·

99 781 168 824 rum
190 758 385 835 nominibus,
403 754 661 843 significationem
678 754 838 820 continens
857 757 880 820 ¹.

141 871 283 956 Denique
302 867 536 934 memorandum
554 878 609 949 est,
626 869 706 933 eires
724 867 843 932 nobiles
860 868 938 947 illos,
953 871 1064 955 quibus

96 983 257 1049 incudem
278 982 417 1047 districtu
445 981 512 1067 agri
533 1002 607 1046 cum
622 979 836 1065 jurisdictione
864 982 1065 1066 patrimoniali

97 1106 258 1182 suppetant
277 1095 462 1178 complures,
477 1092 622 1178 simplicis
634 1104 751 1159 tantum
763 1117 798 1158 ex
815 1095 935 1160 cunctis
948 1095 1064 1159 lereudi

98 1206 232 1293 suffragii
256 1217 393 1292 repetere
415 1206 592 1271 facultatem
610 1206 636 1268 ².

551 1387 622 1470 §a

215 1518 267 1583 Dc
285 1516 447 1605 eligendis
477 1517 599 1605 legatis
623 1515 883 1583 Academiarum
908 1544 948 1584 cc

374 1630 536 1695 hominum
551 1629 809 1718 pontificiorum.

143 1766 396 1834 Academicorum
413 1768 585 1854 legatorum
602 1767 754 1832 electioiu
770 1768 898 1833 solemni
915 1781 1067 1835 conventu

98 1881 264 1966 peragitur,
288 1879 375 1964 cujus
399 1880 531 1945 universi
558 1879 697 1944 doctores
727 1901 799 1945 cum
830 1880 974 1947 ordinarii
1000 1894 1068 1948 tum

99 1991 326 2057 extraordinarii
346 1992 509 2077 participes
536 1992 608 2058 facti
625 1993 687 2056 sint
706 2003 834 2077 oportet,
856 1995 998 2081 suffragia
1014 2018 1068 2061 sua

72 2086 209 2190 ¹scripto
237 2116 404 2190 concepta,
433 2105 587 2189 adjunctis
610 2104 749 2189 symbolo
771 2105 913 2191 jurisque
944 2107 1068 2189 jurandi

97 2220 235 2284 formulis
249 2219 415 2303 requisitis,
429 2217 584 2303 praefecto
596 2216 746 2282 tradituri.
775 2217 843 2294 llic,
864 2220 965 2283 statim
980 2242 1069 2305 aper·

99 2332 136 2396 tis
155 2331 284 2406 tabellis,
303 2331 425 2418 singula
441 2330 585 2414 deinceps
604 2329 747 2416 suffragia
761 2329 835 2395 actis
851 2331 956 2396 inferri
967 2333 1068 2416 jubet,

99 2443 155 2527 qui
185 2441 361 2528 designatus
387 2464 405 2507 a
434 2441 574 2527 plurimis
603 2443 696 2506 fuerit
722 2444 916 2527 pronuntiat,
950 2446 1068 2512 tabulas

99 2555 251 2641 denique,
272 2555 439 2620 electorum
461 2555 614 2632 omnium,
645 2566 772 2642 excepto
798 2579 834 2621 eo
856 2559 913 2644 qui
938 2561 1068 2625 selectus

98 2668 155 2744 sit,
184 2669 346 2732 instructas
376 2666 620 2752 subscriptione,
654 2668 691 2732 od
720 2669 889 2754 praesidem
914 2670 1068 2738 districtus

98 2780 289 2866 perferendas
304 2790 401 2847 curat.
424 2781 456 2844 Si
476 2779 586 2864 paritas
604 2781 794 2847 calculorum
812 2783 968 2861 exsulerit,
980 2784 1068 2849 lacu·

98 2893 225 2959 tandum
243 2892 320 2957 illud
340 2903 395 2975 est,
420 2891 505 2978 quod
523 2891 583 2978 §⁹¹¹⁰
606 2890 807 2975 praecedente
825 2892 1025 2959 indicarimus
1039 2894 1067 2958 ³.

143 3006 190 3071 td
216 3005 444 3091 pontificiorum
470 3006 585 3071 ordinis
615 3005 730 3090 legatos
759 3005 986 3070 constituendos
1009 3007 1069 3072 du·

100 3119 170 3204 plex
202 3118 370 3202 requiritur
400 3118 520 3184 electio.
573 3117 712 3183 Primum
737 3118 819 3182 enim
851 3118 889 3182 ad
918 3120 1068 3186 uniuscu-

95 3232 211 3317 jusque
231 3230 334 3295 sedem
348 3231 522 3309 decanatus,
537 3243 591 3298 aut
607 3232 715 3297 ruralis
728 3232 884 3299 ambactos
898 3245 951 3298 aut
967 3245 1066 3321 topar-

99 3342 196 3418 chiae,
218 3353 310 3428 prout
329 3344 467 3408 alterutri
487 3342 596 3409 borum
617 3345 818 3410 tribunalium
839 3346 976 3433 quisque
994 3347 1066 3412 sub-

95 3457 197 3540 jectus
223 3467 283 3534 est,
316 3456 521 3523 indicentibus
541 3450 700 3542 judicibus
716 3458 742 3537 ⁸,
776 3471 929 3546 quotquot
953 3462 988 3526 in
1012 3461 1067 3526 illo

99 3569 252 3636 babentur
285 3571 494 3657 suscipiendae
523 3572 739 3659 delegationis,
772 3573 944 3640 secundum
975 3574 1066 3641 edicti

99 3684 157 3750 Tit.
180 3685 194 3747 1
218 3689 236 3772 §
260 3688 302 3762 3,
337 3707 462 3770 capaces
487 3685 653 3768 antistites,
684 3686 748 3750 siro
772 3687 802 3750 in
830 3686 937 3753 eodem
962 3709 1067 3754 omnes

87 3814 303 3826 ———

135 3881 222 3929 ¹lbid.
239 3883 258 3931 l.
276 3878 388 3949 o.§16.
453 3879 755 3948 ¹thit.t.c.§17‚b.
814 3882 901 3933 tttit.
918 3885 936 3933 l.
953 3885 1067 3951 o.§18.

134 3974 144 4007 ⁴
162 3978 195 4024 us
211 3975 293 4024 borum
309 3975 462 4023 tribunalium
484 3973 664 4039 (Landgericbte
683 3985 707 4024 et
725 3975 986 4047 llerrrcbeltrgericbte)
1002 3997 1066 4030 corn.

102 4069 216 4131 positione
233 4070 351 4131 rarusque
370 4068 500 4128 speciebus,
520 4077 568 4115 tum
586 4068 615 4117 dc
633 4070 783 4133 auctoritate,
792 4073 887 4136 juribus
904 4084 974 4136 etque
985 4075 1066 4124 officiis

101 4162 180 4210 iisdem
199 4163 318 4210 attributis
335 4160 449 4209 ridendus
465 4171 500 4209 est
517 4174 670 4229 scttnttttto,
688 4181 725 4226 op.
744 4166 762 4213 l.
782 4165 807 4212 V.
827 4167 860 4229 ll,
883 4165 1066 4233 §WB-110.
