2738 4740
529 484 606 496 -··-
1024 471 1056 511 11

89 623 174 694 meir,
189 624 281 684 literir
297 623 539 698 hummioribru,
554 629 797 709 conjunctissima
814 631 946 692 materies
963 664 1003 678 -
1023 643 1056 692 ut

88 738 183 800 multa
197 741 330 823 quotidie
341 743 570 804 comm-uodo
582 763 718 826 quaeque
733 756 945 807 commentatur
958 767 1054 817 erum,

88 856 274 936 adnotando,
287 859 333 920 vel
352 861 525 944 imprudem
537 862 572 921 iu
587 880 652 921 eam
666 860 777 922 molem
797 881 956 922 excrescere
970 862 1054 925 lucu·

87 972 235 1036 hratiouer
252 997 329 1038 mear
343 978 483 1052 cinerem,
510 987 545 1038 ut
560 997 632 1037 mox
653 986 812 1048 constaret,
830 976 977 1060 legitimoe
990 980 1054 1061 jam

85 1092 140 1153 diu
152 1113 368 1176 supergressum
389 1115 437 1155 mc
457 1093 544 1153 suisne
563 1093 754 1154 Academicae
776 1093 986 1155 diuermionir
1001 1107 1055 1156 ter·

86 1209 195 1271 minor.
236 1210 283 1271 ab
302 1210 361 1272 hoc
380 1208 507 1292 proinde
525 1207 641 1280 labore,
662 1211 722 1270 uiui
745 1230 863 1270 omnem
880 1231 961 1294 rpem
979 1209 1056 1294 abji-

86 1347 149 1387 cere
178 1326 284 1387 vellem
313 1327 448 1388 lauream
480 1327 662 1388 doctoralem
702 1348 845 1410 umquam
873 1329 1056 1412 reportandi,

85 1465 171 1503 nuuc
190 1454 267 1504 certe
281 1443 480 1505 desistendum
493 1442 569 1504 mihi
587 1453 657 1504 erat
699 1444 794 1505 Tertio
820 1445 912 1526 igitur
935 1466 954 1505 a
975 1446 1055 1529 prin-

85 1562 166 1644 cipio
180 1561 250 1622 iude
265 1561 357 1623 ordiri
377 1572 509 1637 coactus,
524 1582 589 1622 uon
605 1559 793 1644 improbante
811 1581 896 1623 mro
913 1574 1055 1625 eamme-

85 1679 406 1762 tiooimopraeceptorc,
415 1677 539 1740 rcrihere
548 1679 689 1739 constitui
699 1678 735 1738 de
750 1681 830 1740 veria
841 1680 970 1758 ratione,
980 1701 1054 1764 qua,

85 1795 167 1879 apud
178 1797 269 1856 variar
282 1797 415 1879 Europae
426 1807 526 1878 genter
536 1797 648 1857 civium
657 1797 728 1878 eligi
739 1796 853 1858 soleant
865 1797 1054 1858 mandatarii.

84 1912 312 1994 Argumentum,
327 1913 371 1972 ric
382 1912 502 1973 sortacce
513 1912 596 1973 dicat
609 1913 676 1996 quic
683 1958 693 1990 ,
704 1914 738 1973 iu
751 1915 854 1996 paucio
864 1913 991 1975 arduum
1004 1937 1053 1990 ac,

82 2031 360 2113 mepraerertim
370 2041 471 2102 aetate,
481 2032 644 2113 ejusmodi,
654 2033 736 2115 quod
744 2031 872 2114 juvenili
881 2044 910 2094 et
921 2031 1054 2093 facultati

82 2157 112 2207 et
130 2148 288 2209 modertiae
311 2150 436 2210 minime
455 2151 614 2211 convenire
640 2149 783 2211 rideatur.
825 2150 880 2211 Sed
898 2160 997 2210 teneat
1015 2151 1055 2225 ir,

82 2285 203 2347 quaem,
223 2286 288 2326 uon
307 2265 386 2327 illud
399 2287 446 2327 me
461 2287 545 2348 egere
564 2266 705 2340 voluisse,
717 2278 751 2328 ut
765 2267 841 2351 quid
854 2288 941 2350 cuper
953 2266 1008 2327 illa
1023 2288 1054 2327 re

81 2381 206 2463 cingulis
223 2384 257 2442 in
274 2382 444 2444 civitatibus
457 2385 536 2466 jurio
551 2405 608 2445 ecoe
619 2401 763 2462 oporteat,
778 2385 864 2468 queri
880 2406 917 2445 ex
938 2383 1053 2468 tripode

81 2500 322 2582 pronuntiarem,
333 2522 434 2561 verum
447 2500 505 2562 hoc
517 2501 621 2577 modo,
632 2512 666 2562 ut
680 2502 755 2585 quid
768 2523 785 2563 e
797 2503 912 2586 scriptis
926 2502 1052 2585 plerum·

81 2616 264 2699 quelegibuc
268 2619 347 2701 juris
358 2617 472 2703 ubique
483 2628 536 2690 sr't,
551 2620 592 2679 ita
602 2617 802 2700 significarem
814 2631 848 2681 ut
857 2623 979 2682 nonnisi
989 2642 1051 2704 per·

79 2755 147 2795 raro
167 2737 309 2796 enarratio
323 2735 442 2819 placitis
464 2736 684 2820 qualecumque
700 2758 782 2804 ame
793 2738 890 2799 latum
900 2737 1052 2820 judicium

79 2851 272 2934 subjunctum
288 2854 475 2937 reperiretur3
490 2854 580 2936 quale
599 2854 728 2937 pmsecto
750 2877 823 2938 opus
850 2858 981 2933 nemini,
999 2878 1053 2938 pu·

80 2968 155 3029 hlici
165 2971 244 3051 juris
258 2969 456 3055 historiaeque
470 2973 594 3032 scientil
610 2973 656 3032 vel
666 2973 769 3033 leviter
787 2974 897 3044 tincto,
911 2993 1052 3055 perquam

81 3081 204 3146 difficile
219 3085 347 3148 accidere
360 3107 443 3170 porse
455 3089 601 3148 existimo.
643 3088 712 3148 Erat
727 3099 825 3148 tamen
844 3088 890 3148 vel
902 3090 944 3148 ric
969 3109 1054 3169 argu·

79 3213 215 3264 mentum
233 3201 313 3262 illud
328 3223 362 3264 ee
381 3216 456 3264 certe
468 3215 551 3288 parte
568 3205 668 3264 miuus
685 3204 844 3277 idoneum,
858 3205 944 3287 cujus
954 3205 1052 3266 doctu-

78 3319 137 3381 rali
153 3319 327 3403 capessendo
342 3321 449 3402 gredui
461 3323 598 3382 tractatio
613 3320 810 3394 adhiberetur,
826 3322 961 3405 quod,si
982 3321 1054 3383 haec

78 3436 125 3499 vel
134 3434 275 3510 breviter,
286 3449 434 3522 quantum
445 3438 509 3500 fieri
520 3439 637 3511 liceret,
647 3450 848 3521 perageretur,
860 3440 1053 3523 prolixiorem

77 3565 178 3618 umen
189 3554 322 3617 lahorem
336 3557 497 3617 uecoesario
508 3566 579 3617 esset
592 3556 792 3639 postulatura,
813 3578 905 3640 quum
916 3558 966 3617 isti
984 3558 1051 3617 usui
1152 3556 1156 3565 '

77 3674 249 3746 convenire,
257 3677 425 3735 communic
437 3674 496 3736 iere
510 3674 646 3734 omnium
659 3673 804 3737 habeatur
818 3677 974 3738 antemio.
993 3676 1051 3737 lta·

76 3811 148 3875 que,
160 3793 226 3874 jam
239 3794 372 3876 exposito
385 3814 440 3874 pro
452 3792 566 3853 viribus
589 3793 685 3853 varios
702 3794 782 3876 apud
797 3794 922 3877 populor
942 3795 1052 3855 urituto

77 3910 279 3971 mandatarior
297 3932 400 3971 eorum
416 3910 545 3991 eligendi
566 3911 641 3986 ritu,
659 3912 764 3972 merito
786 3913 894 3972 timens
910 3933 949 3972 ne
968 3934 1052 3973 nunc

76 4048 196 4111 quoque
208 4028 405 4090 immodicum
414 4030 448 4089 in
458 4028 557 4090 lucem
566 4024 643 4088 mihi
655 4028 803 4090 edendum
813 4031 886 4091 soret
896 4031 1050 4104 volumen,

77 4162 200 4217 mxu,
211 4147 408 4209 darierimum
422 4146 520 4209 virum
526 4192 536 4226 ,
546 4146 604 4208 hac
614 4148 704 4222 etiam
717 4149 792 4209 iure
804 4169 952 4210 tumorem
965 4149 1051 4230 adep-
