2738 4740
737 435 776 497 16

266 621 333 702 dis,
354 630 419 683 tum
432 630 466 683 ut
484 629 597 695 essent,
624 619 677 703 qui
692 616 836 682 ordinum
858 617 924 680 rice
947 618 1164 703 fungerentur,
1179 636 1243 703 quo

268 743 405 817 tempore
427 730 603 818 congregati
627 730 673 792 illi
696 751 757 793 uon
778 741 892 805 essent,
913 729 1032 815 aliquot
1049 727 1152 792 liberis
1177 728 1244 792 sul-

267 844 371 931 lragiis
392 842 544 930 designari
564 842 637 906 socii
662 843 813 920 solerent,
834 863 969 929 quorum
1001 843 1185 907 selectorum
1210 844 1244 906 in

267 953 560 1040 nonnullisquidem
579 954 752 1019 civitatibus
769 954 927 1040 paullatim
948 976 1046 1040 usque
1067 977 1103 1020 eo
1115 955 1245 1020 crevisse

267 1067 447 1155 (lignitatem
472 1068 663 1152 accepimus,
689 1078 724 1130 ut
748 1067 788 1131 ab
816 1067 851 1130 iis
878 1068 947 1130 solis
969 1090 1082 1131 munus
1100 1068 1243 1133 ordinum

268 1192 427 1269 gereretur
453 1179 630 1245 universum
663 1202 722 1246 nec
756 1180 867 1245 borum
897 1181 1025 1265 proinde
1056 1193 1243 1257 conventus,

191 1312 195 1318 ’
268 1293 326 1358 uisi
351 1292 388 1356 ad
422 1291 624 1358 mandatarios
651 1292 720 1358 illos
749 1292 968 1381 designandos,
999 1295 1091 1358 moris
1114 1296 1245 1381 amplius

269 1415 346 1471 esset
366 1404 472 1469 baberi
493 1406 514 1470 ¹.

312 1521 418 1601 Quum
462 1541 533 1584 rero
565 1519 735 1604 pecuniarii
770 1520 894 1604 petendi
925 1520 1053 1586 subsidii
1079 1543 1169 1586 causa
1200 1534 1245 1587 at·

270 1655 331 1719 que
361 1632 570 1717 opportunitas
605 1631 766 1716 primaria,
796 1633 924 1720 antiquo
964 1645 1048 1700 certe
1086 1645 1237 1721 tempore,

270 1768 288 1808 e
320 1743 431 1808 bellical
464 1764 557 1830 quam
580 1744 722 1830 princeps
743 1747 940 1830 suscepisset,
971 1768 1098 1832 magnos
1126 1759 1246 1812 sumtus

270 1856 416 1935 allaturi,
447 1869 483 1921 ut
520 1857 706 1942 plurimum,
742 1870 919 1924 nasceretur
949 1858 1159 1944 expeditione,
1186 1861 1246 1926 alia

270 1969 344 2036 binc
372 1983 479 2058 sponte
508 1970 612 2046 fluxit,
635 1993 724 2057 saepe
747 1972 786 2036 ab
808 1972 1029 2058 imperantibus
1054 1973 1151 2050 laeta,
1173 1995 1246 2058 pro·

270 2083 383 2162 missio,
399 2083 456 2149 nisi
472 2084 607 2148 instituta
620 2107 692 2150 cum
704 2085 861 2150 ordinibus
875 2084 1109 2163 consultatione,
1123 2086 1246 2151 nullum

271 2199 394 2286 publice
430 2198 496 2284 geri
524 2200 618 2265 licere
651 2200 785 2264 bellum:
816 2211 900 2264 certe
934 2200 1067 2275 nullam,
1098 2221 1246 2285 compen·

271 2313 370 2380 sandis
390 2315 464 2378 belli
487 2315 655 2392 sumtibus,
675 2313 826 2401 pecuniae
845 2312 1042 2379 donatiouem
1064 2313 1246 2400 requisitum

271 2426 309 2489 iri
320 2425 343 2491 ².
387 2425 435 2490 Ad
468 2427 607 2491 eamdem
635 2428 733 2493 ferme
765 2427 930 2505 rationem,
960 2448 1078 2515 quum,
1104 2449 1247 2492 aterum

271 2539 344 2604 inde
363 2539 498 2625 ipsorum
509 2539 696 2626 primordiis,
714 2541 745 2605 in
762 2563 799 2606 eo
810 2540 997 2626 potissimum
1016 2564 1090 2607 cura
1103 2541 1247 2606 ordinum

272 2664 387 2717 versata
405 2653 527 2731 luisset,
546 2665 581 2717 ut
615 2676 695 2741 quae
723 2655 796 2718 olim
821 2654 1049 2742 acquisivisscnt
1078 2654 1246 2743 privilegia,

273 2765 358 2831 noris
368 2787 489 2850 semper
499 2765 674 2853 principum
688 2766 913 2843 sanctionibus,
932 2767 970 2831 ad
987 2768 1135 2852 majorem
1148 2769 1247 2854 magis

273 2879 432 2967 magisque
440 2878 618 2943 firmitatem
628 2889 890 2965 promoverentur,
903 2879 1098 2965 spopondisse
1107 2879 1246 2944 omnium

274 3013 368 3078 prope
388 2990 633 3078 frequentissime
644 2990 794 3055 variarum
813 2991 974 3078 regionum
994 2992 1180 3078 imperantes
1199 3014 1247 3056 re·

273 3166 400 3174 ...η-...ι-
406 3168 476 3174 .-

311 3268 321 3306 ¹
339 3270 373 3319 cl.
391 3271 420 3319 de
429 3272 502 3321 hoooe
510 3274 575 3322 rito:
592 3286 716 3335 nrcuaoan,
734 3275 782 3323 1.1.
799 3273 882 3341 5426,
900 3285 950 3327 aot.
975 3293 1003 3335 ις
1022 3282 1165 3340 autumn,
1193 3278 1211 3326 l.
1228 3279 1249 3328 l.

274 3382 297 3428 p.
316 3360 381 3422 6623
400 3379 610 3430 lastemnam,
628 3370 646 3416 l.
665 3368 682 3415 l.
701 3370 713 3432 p
732 3367 796 3431 lot,
814 3370 871 3432 qui,
889 3369 918 3418 tls
945 3380 1060 3433 potestate
1074 3387 1158 3434 agenr,
1177 3388 1249 3434 qnam

274 3461 414 3511 relectorum
433 3463 479 3510 ista
493 3462 592 3525 collegis
611 3461 776 3530 (turneham)
793 3464 817 3511 in
829 3464 953 3512 nonnullis
968 3465 1104 3527 regionibus
1121 3475 1249 3514 consecuta

275 3563 347 3616 nnat,
371 3554 552 3606 lnbaltinarnan
578 3565 691 3604 terrarum
710 3557 785 3604 utitur
802 3558 918 3621 exemplo,
945 3558 987 3606 ubi
1016 3558 1046 3605 ab
1071 3558 1169 3620 antiquo
1193 3559 1250 3607 inde

275 3659 379 3711 tempore
396 3650 518 3698 substituti
534 3650 697 3712 hujuscemodi
721 3660 804 3699 coetus
831 3651 939 3699 ordinum
963 3653 1119 3701 conventibus
1143 3653 1249 3702 luerunt.

275 3740 405 3804 coeterum,
423 3744 498 3792 simile
515 3744 627 3808 placitans
645 3744 772 3793 hodienum
788 3747 813 3793 in
829 3747 956 3796 multarum
972 3748 1110 3796 Germaniae
1126 3749 1250 3797 civitatum

275 3834 367 3897 legibus
384 3835 486 3897 publicis
508 3846 625 3900 receptum
644 3837 731 3897 luisse,
755 3847 836 3886 notum
865 3839 981 3888 omnibns.
1010 3841 1044 3889 (Ξῖ,
1063 3847 1175 3903 Rubras,
1193 3841 1251 3892 oea.

276 3927 307 3991 ll.
325 3926 348 3973 d.
369 3927 394 3974 T.
413 3927 439 3974 ll.
458 3926 471 3991 tl
489 3924 549 3989 298,
567 3939 617 3977 not.
637 3930 659 3985 l;
686 3943 732 3978 von
756 3943 855 3993 anun,
873 3933 1018 3983 Stratsrrebt
1038 3935 1080 3982 rler
1095 3935 1255 3985 Constitutio-

277 4019 358 4068 nellea
376 4018 522 4080 llonrrebie,
538 4020 564 4069 V.
577 4023 609 4081 ll,
620 4023 644 4070 Ρ.
672 4024 705 4084 ll,
723 4041 745 4084 p.
766 4021 822 4071 196.

311 4111 325 4149 2
342 4114 474 4175 Etruscan,
491 4114 508 4161 l.
528 4115 545 4161 l.
562 4116 575 4180 p
592 4111 652 4177 427,
670 4115 710 4165 nr.
728 4115 832 4178 2,0011.
850 4119 863 4184 d
880 4118 939 4171 tlt.
