2738 4740
634 419 695 480 100
804 464 807 468 -

190 605 332 688 Barones)
350 601 385 688 3)
402 602 554 667 inferioris
573 601 693 687 generis
714 599 845 674 Nobiles,
867 594 899 684 t)
921 597 1046 661 Liberae
1065 596 1164 662 Urbes

191 715 320 801 Regiae.

235 828 279 891 Ex
311 825 359 890 his
390 824 505 890 ordinis
533 825 695 911 utriusque
718 823 836 889 nobiles
864 821 921 886 soli
940 821 992 906 jus
1026 819 1166 887 obtinent

192 939 309 1004 diaetae
333 937 535 1024 personaliter
559 934 722 1013 assidendi,
750 932 877 1021 singulis
906 932 1010 997 liberis
1034 932 1166 997 urbibus

193 1052 283 1138 regiis
312 1050 450 1138 singulos
480 1049 598 1114 nobiles
627 1045 907 1134 repraesentationis
939 1047 1065 1111 nomine
1091 1045 1165 1110 mit-

194 1165 327 1231 tentibus
350 1186 388 1229 so
416 1165 442 1228 si
469 1184 549 1250 quae
579 1162 652 1228 urbs
679 1163 783 1249 plures
812 1159 927 1225 miserit
957 1161 1090 1247 legatos,
1120 1157 1167 1222 bis

195 1275 382 1359 conjunctim
399 1275 532 1360 simplici
548 1285 670 1339 tentum
688 1272 831 1360 suffragio
849 1280 1053 1356 competente.
1074 1269 1167 1352 Quod

194 1386 277 1452 idem
295 1387 373 1454 valet
387 1387 427 1452 de
445 1388 553 1474 legatis
572 1387 791 1473 capitulorum.
835 1383 993 1448 Habentur
1011 1393 1115 1448 autem
1133 1382 1167 1446 in

195 1500 302 1587 quavis
315 1501 411 1565 libera
428 1501 506 1566 urbe
517 1499 600 1588 regia
619 1521 677 1565 neo
692 1499 797 1563 nonin
808 1496 917 1583 quovis
935 1495 1081 1560 comitatu
1095 1517 1168 1582 pro-
1252 1574 1253 1579 ἵ

196 1612 281 1697 priae
294 1610 334 1676 de
346 1612 474 1697 propriis
489 1612 579 1677 rebus
592 1609 735 1700 gerendis
751 1608 923 1683 conciones,
938 1607 1049 1694 quibus
1060 1630 1169 1673 causae

197 1743 323 1807 quoque
342 1734 560 1807 praeparantur
583 1722 701 1786 diaetae
720 1719 931 1786 deliberationi
950 1718 1169 1804 subjiciendae.

195 1831 370 1897 Notandum
381 1831 516 1920 denique
533 1844 595 1911 est,
612 1856 630 1899 a
643 1833 788 1898 classibus
806 1833 866 1897 illis
881 1831 1074 1912 militaribus,
1088 1851 1170 1918 quae

197 1944 371 2010 nominibus
386 1947 478 2033 vulgo
496 1946 641 2013 dicuntur
654 1946 849 2033 Jazygorum,
860 1946 1033 2011 Cumanum
1044 1946 1170 2032 etllay-

198 2055 421 2136 ducum,bioos
436 2059 550 2148 legatos
567 2059 601 2126 in
620 2069 807 2126 conventum
826 2057 907 2123 mitti
922 2060 1030 2125 solere.

375 2259 408 2349 F)
431 2260 483 2328 Be
502 2266 632 2329 ratione
652 2268 825 2329 conuentus
845 2259 994 2327 habendi.

245 2395 337 2483 Regis
356 2408 400 2460 est
413 2397 514 2474 solius,
530 2398 671 2475 diaetam,
690 2397 880 2482 temporibus
891 2395 1010 2461 acloois
1026 2394 1074 2472 iis,
1090 2415 1171 2481 quae

201 2503 310 2571 idonea
326 2506 390 2591 ipse
405 2507 536 2590 duxerit,
557 2530 735 2587 convocare,
751 2518 819 2572 tum
837 2528 964 2594 quoque
982 2505 1120 2571 eamdem
1142 2517 1173 2570 et

202 2637 365 2704 prorogare
381 2629 411 2682 et
427 2617 600 2696 dissolvere,
623 2618 757 2705 denique
781 2641 829 2683 res
850 2617 987 2697 definire,
1003 2616 1042 2682 de
1061 2618 1174 2705 quibus

201 2728 356 2815 agendum
385 2730 413 2795 ei
438 2731 485 2798 sit.
537 2731 629 2797 Jubet
658 2742 762 2796 sutem
790 2732 839 2796 lex
871 2741 1058 2797 conventum
1082 2731 1174 2794 tertio

202 2861 329 2928 quoque
354 2865 437 2908 anno
466 2844 613 2910 celebrari
638 2868 675 2910 ac
706 2846 754 2908 vel
780 2842 914 2930 saepius,
936 2843 990 2908 ubi
1013 2841 1174 2908 necessitas

202 2951 280 3015 illud
305 2956 502 3038 postulaverit
526 2977 631 3044 neque
656 2959 729 3025 licet
754 2959 834 3024 ultra
860 2959 993 3022 duorum
1021 2956 1179 3023 mensium

202 3065 333 3151 spatium
353 3068 544 3156 singulorum
570 3093 765 3138 consensuum
791 3083 911 3156 tempus
939 3052 1069 3136 extendi.
1114 3071 1175 3134 De·

203 3179 333 3266 signatio
360 3205 461 3249 rerum
492 3186 775 3270 pertractandarum
802 3170 912 3272 arege
933 3206 970 3248 eo
993 3184 1123 3247 maxime
1140 3182 1176 3245 fit

205 3293 341 3373 consilio,
371 3308 407 3360 ut
434 3301 643 3384 opportunitas
670 3301 777 3387 legatis
807 3309 947 3384 suppetat
968 3297 1122 3384 praeviam
1142 3295 1175 3360 in

205 3427 255 3470 eas
283 3408 512 3494 inquisitionem
530 3411 717 3479 instituendi.
755 3411 936 3478 Convocatio
955 3420 1060 3475 sutem
1078 3409 1177 3474 socio·

205 3541 291 3584 scum
305 3521 499 3606 epistolarum
519 3546 577 3609 ope
594 3524 699 3611 peragi
716 3525 803 3590 solet.
834 3522 912 3591 Visis
930 3521 1177 3604 confirmatisque

206 3633 384 3699 testimoniis
398 3637 584 3702 auctoritatis
594 3659 765 3715 concessae,
775 3637 806 3700 in
821 3634 897 3700 duos
911 3644 1015 3699 coctus
1024 3642 1176 3717 separatos

206 3745 279 3811 socii
298 3745 524 3835 digrediuntur,
542 3771 674 3835 quorum
690 3749 767 3814 ulter
786 3746 978 3833 magnatibus
995 3744 1176 3818 celebratus,

205 3857 321 3922 Tabula
348 3861 449 3924 vocari
477 3861 553 3924 solet
582 3862 774 3948 llagnatum,
808 3860 885 3925 ulter
913 3857 1015 3923 autem
1040 3856 1177 3920 Tabulae

155 3992 159 4001 ·
206 3970 349 4034 Statuum
369 3969 576 4037 nominatione
597 3974 821 4060 frequentatur.
858 3971 980 4037 Constat
995 3969 1092 4056 igitur
1105 3990 1177 4032 coe·

207 4096 259 4150 tus
275 4084 358 4166 prior
377 4093 451 4148 natu
474 4085 612 4151 maximis
628 4098 818 4173 magnatum,
832 4084 865 4151 in
883 4083 997 4170 quibus
1009 4102 1175 4146 numeran-
