2738 4740
650 452 709 511 211

202 632 237 695 iis
248 654 316 695 rere
332 632 566 695 incumbentes¹
583 629 746 716 additaque
754 653 844 716 snper
854 633 969 695 vicariis
980 633 1166 712 conditione,

202 755 236 808 ut
260 766 295 808 ex
325 744 384 808 illis
403 754 520 808 tantum
543 743 659 807 civibus
679 744 807 828 seligere
833 764 884 807 eos
904 743 1024 821 liceret,
1055 747 1167 832 quibus

201 858 393 943 municipalis
411 856 569 921 obeundae
588 856 808 940 procurationis
821 856 947 919 facultas
958 871 1132 942 suppeteret
1141 860 1166 924 ².

198 970 328 1034 Cautum
343 970 469 1054 insuper
486 970 594 1045 fuerat,
607 980 641 1032 ut
659 969 740 1033 circa
758 988 864 1031 omnes
875 967 913 1031 ad
931 968 1062 1053 eligendi
1075 971 1166 1035 ritum

199 1083 387 1165 pertinentes
405 1081 605 1167 quaestiones,
625 1081 663 1146 de
682 1081 794 1167 quibus
813 1079 936 1144 decreto
958 1102 1019 1143 non
1032 1100 1170 1164 expresse

199 1203 396 1269 statueretur,
415 1193 452 1257 ad
472 1216 508 1257 ea
527 1195 643 1257 recurri
666 1193 776 1277 placita
792 1201 959 1277 oporteret,
978 1211 1060 1276 quae
1079 1192 1112 1255 in
1129 1191 1168 1254 si-

200 1307 266 1369 mili
286 1316 468 1391 argumento
486 1306 534 1370 lex
555 1306 594 1370 de
615 1317 766 1371 conventu
790 1305 933 1369 ordinum
953 1303 1128 1368 sancivisset
1144 1303 1168 1368 ³.

242 1419 420 1495 Caeterum,
448 1420 501 1483 nbi
522 1420 658 1505 legitime
677 1419 788 1483 factam
810 1417 1042 1483 candidatorum
1068 1415 1169 1503 desig·

200 1529 355 1593 nationem
385 1530 475 1595 rebus
504 1532 630 1596 internis
658 1532 827 1617 praefectus
847 1531 985 1594 minister
1005 1528 1169 1613 comperis-

200 1652 263 1718 set,
288 1643 368 1729 regis
384 1645 450 1708 fore
469 1644 605 1711 edictum
621 1645 769 1730 jusserat,
791 1654 856 1708 tum
880 1645 1001 1708 vicenos
1022 1665 1057 1707 ex
1076 1641 1112 1705 iis
1130 1642 1168 1707 ad

200 1755 425 1821 consiliatomm
437 1758 615 1844 dignitatem
625 1758 801 1845 provehere,
813 1770 878 1823 tum
890 1757 929 1822 de
939 1756 1074 1842 reliquis,
1087 1776 1169 1842 quo-

199 1888 268 1931 nam
285 1868 392 1934 ordine
411 1869 621 1935 deficientibus
638 1870 809 1936 sufficiendi
826 1880 934 1947 essent,
947 1869 1132 1934 constituere
1143 1869 1168 1931 ⁴.
1244 1910 1256 1937 a

241 1983 290 2045 Uti
311 2003 385 2046 vero
401 1982 433 2046 in
453 1983 582 2048 aiterum
611 1994 733 2049 coetum
756 1983 922 2069 delegatis,
942 1985 985 2047 ita
1012 1982 1059 2047 his
1077 1982 1168 2047 etiam

198 2093 376 2158 consiliariis
407 2094 532 2180 gerendi
562 2096 699 2158 muneris
728 2105 848 2177 tempus
882 2092 1037 2157 indultum
1069 2093 1169 2156 iuerat

197 2207 394 2281 sexennium,
418 2205 487 2268 data
508 2205 626 2268 civibus
647 2204 786 2268 libertate
805 2214 840 2266 ut
860 2202 1041 2268 decedentes
1055 2204 1167 2267 iterum

199 2315 373 2381 candidatos
398 2316 547 2400 eligerent
566 2315 591 2377 ⁵.
645 2315 774 2393 Pariter,
803 2309 1024 2400 repudiandae
1041 2313 1170 2400 hujusce

199 2427 353 2512 dignitatis
371 2426 472 2491 edicto
490 2425 572 2491 haud
593 2426 666 2492 alias
688 2448 793 2492 causas
819 2428 957 2513 probatas
979 2428 1072 2494 fuisse
1093 2427 1169 2515 legi·

199 2561 282 2617 mus,
304 2562 340 2606 ac
358 2541 464 2626 populi
484 2541 644 2605 nominatis
663 2540 858 2607 mandatariis
877 2544 925 2606 lex
951 2541 990 2607 do
1008 2552 1165 2608 ‘conventu

199 2652 339 2717 ordinum
358 2653 446 2740 (1.1,
466 2658 483 2740 §
507 2651 760 2739 supermissae
780 2657 804 2723 ⁶.

240 2766 395 2853 Denique,
425 2786 523 2852 quum
547 2766 580 2829 in
600 2764 892 2832 Rhenanoicirculo
918 2767 1087 2851 superstitis
1110 2768 1166 2831 eti·

195 2900 321 2944 amnum
344 2888 443 2943 essent
461 2900 497 2943 ex
514 2879 699 2944 Francorum
721 2878 870 2964 regimine
888 2877 1087 2961 provincialia
1110 2899 1166 2941 eo·

197 2992 298 3065 mitia,
328 2992 440 3077 quibus
465 2992 649 3057 Germanico
676 2990 802 3056 nomine
824 2987 1002 3078 (Landrtith)
1030 2999 1163 3053 veterem

198 3104 296 3187 excipi
335 3104 568 3189 appellationem
605 3103 887 3190 (conscii-general)
925 3102 1116 3189 proferrique
1147 3127 1165 3168 e

198 3216 323 3280 subistis
342 3227 474 3301 quatuor
493 3217 688 3283 districtuum
710 3216 846 3283 conciliis
864 3216 1005 3304 (consciis
1023 3215 1164 3280 d’arron-

198 3326 371 3414 discernent)
392 3331 541 3394 ambitum
567 3330 734 3409 officiorum
758 3330 933 3419 contigisset
951 3329 976 3405 ⁷,
1004 3329 1161 3393 decretum

234 3591 240 3623 ¹
259 3592 318 3642 luit.
330 3593 344 3658 ᾗ
358 3593 384 3654 V,
401 3593 441 3642 ut.
456 3591 482 3643 3.
500 3593 567 3659 Quod
584 3611 626 3656 pro
643 3594 749 3642 centenis
765 3592 861 3641 familiia
877 3591 965 3654 singuli
982 3592 1062 3639 renim
1080 3589 1163 3638 ricerii

192 3685 316 3746 iubentur,
332 3684 402 3733 ducta
419 3683 477 3733 liaeo
495 3702 589 3749 quoqne
605 3686 696 3734 numeri
712 3685 773 3733 ratio
788 3694 824 3733 est
840 3684 956 3734 exedioto
973 3684 1003 3732 ds
1022 3699 1091 3731 cons.
1111 3682 1162 3732 ord.

196 3779 221 3827 r.
235 3779 257 3840 r,
273 3778 288 3843 o
306 3775 348 3828 30,
531 3751 535 3764 ’

227 3871 317 3920 ’thie
335 3871 391 3938 M,
407 3872 448 3922 110.
466 3872 491 3918 4.
716 3871 726 3903 ³
743 3871 804 3919 tuit.
820 3869 834 3936 ᾗ
852 3870 891 3930 tt,
904 3870 929 3917 in
948 3871 965 3918 1,

230 3960 317 4011 ‘thid
333 3965 346 4030 p
365 3964 416 4026 111,
432 3961 503 4026 5111.
714 3961 724 3991 ⁵
743 3960 803 4008 ibid.
823 3963 836 4026 d
854 3960 897 4008 tx.

230 4054 240 4086 ⁸
256 4056 317 4104 ibid.
334 4059 348 4123 p
361 4056 425 4104 1111.

231 4147 241 4178 7
259 4149 349 4197 Deerat.
366 4149 390 4196 d.
408 4148 423 4195 5
439 4148 531 4208 Octobr,
553 4143 667 4209 islone
684 4148 743 4211 legis
761 4147 867 4210 publicae
884 4147 1009 4196 Barrricae
1033 4144 1057 4193 ia
1074 4144 1164 4193 circulo

930 4243 997 4303 14*
