2738 4740
591 450 627 508 15

118 654 220 697 reram
252 630 464 717 interponendi
493 652 658 695 consensus
689 633 898 697 necessitatem
929 634 1093 720 complecti

118 746 277 829 inciperet.
317 745 389 827 Quo
414 745 549 821 iactum,
568 754 615 824 ut,
637 744 799 808 recentiori
828 756 911 811 certe
937 757 1093 833 tempore,

118 859 151 923 in
176 857 332 944 plerisque
352 857 526 922 civitatibus
549 854 610 920 hoc
636 856 769 920 maxime
798 857 924 922 arbitrio
950 860 1094 925 ordinum

119 971 294 1056 subjeetum
312 970 454 1035 habitum
474 969 582 1042 luerit,
607 979 642 1032 ut
671 968 710 1032 dc
731 969 943 1055 impositorum
962 975 1095 1059 vectiga-

119 1085 194 1149 lium
220 1084 434 1169 probabilitate
458 1081 560 1166 deque
588 1067 704 1165 optimo
725 1082 787 1144 ritu
809 1092 874 1145 tum
894 1082 1096 1149 distribuendi

119 1197 220 1261 onerie
237 1208 304 1259 tum
327 1192 469 1280 erigendi
489 1194 670 1257 sententiam
690 1217 708 1257 a
729 1193 870 1279 principe
887 1207 1065 1282 rogarentur
1073 1196 1097 1262 ¹.

121 1310 226 1393 Atque
245 1307 319 1370 inde
345 1304 561 1390 explicandum
580 1315 645 1380 eat,
674 1326 732 1369 cur
762 1305 794 1367 in
815 1305 998 1391 quibusdam
1022 1308 1099 1372 Ger·
1155 1358 1158 1362 .

120 1422 243 1484 maniae
273 1418 449 1505 regionibus
470 1417 525 1479 ubi
556 1417 700 1482 ordinum
720 1417 955 1501 provincialium
972 1420 1099 1506 antique

123 1536 199 1599 ratio
224 1545 255 1597 et
272 1533 451 1618 compositio
477 1532 515 1596 ud
540 1531 625 1597 hunc
656 1553 755 1618 usque
777 1533 860 1598 diem
881 1545 997 1600 servata
1025 1537 1098 1614 luit,

122 1647 229 1712 eidem
248 1647 292 1709 illi
312 1645 505 1711 nuncetiam
521 1645 601 1730 juris
622 1656 748 1711 utantur
772 1647 949 1713 conditione
959 1648 982 1715 ².
1002 1651 1100 1737 Prop-

122 1771 168 1823 ter
179 1758 259 1825 hane
281 1781 351 1824 vero
374 1758 454 1823 circa
475 1779 539 1822 rem
560 1758 752 1823 tributariam
768 1761 1000 1839 auctoritatem,
1020 1764 1098 1828 illud
1161 1794 1165 1803 ·

116 1874 180 1958 jam
191 1883 310 1937 mature
320 1884 424 1937 aetum
436 1871 475 1936 ab
487 1871 645 1936 ordinibus
660 1872 921 1951 luissenorimus,
938 1885 983 1951 ut,
998 1897 1097 1961 quum

119 1988 199 2050 male
221 1986 261 2050 ab
287 1985 470 2050 administris
499 1985 676 2070 principum
706 1985 850 2051 custodiri
876 1989 1054 2073 permissam
1080 2013 1098 2055 a

119 2123 183 2164 sese
195 2101 359 2186 pecuniam
371 2099 491 2184 saepius
504 2099 724 2184 comperissent
740 2101 871 2186 aliisque
891 2101 995 2165 usibus
1012 2100 1099 2165 adhi-

121 2214 188 2277 beri
213 2233 307 2299 quam
340 2233 475 2298 quorum
504 2213 601 2299 gratiri
622 2213 715 2276 unice
743 2234 811 2276 eam
834 2215 937 2299 largiti
956 2215 1099 2293 luissent,

121 2336 223 2391 certae
250 2325 308 2390 sibi
338 2336 438 2410 partes
466 2324 498 2387 in
524 2324 785 2390 administratione
812 2324 921 2390 aerarii
950 2326 1101 2412 gerendae

121 2440 403 2516 committerentur,
428 2436 481 2502 has
497 2449 600 2503 autem
620 2439 687 2504 aliie
700 2440 732 2502 in
753 2438 928 2526 regionibus
949 2422 1012 2503 uiro
1028 2461 1101 2524 pos-

123 2551 289 2617 cendarum
309 2551 462 2615 rationum
478 2551 550 2636 jure
570 2552 661 2616 luisse
679 2553 900 2630 contentas,in
919 2553 984 2617 aliie
1002 2552 1100 2640 ipram

123 2666 323 2754 vectigalium
340 2666 569 2751 perceptionem
590 2676 684 2752 atque
703 2667 958 2744 adservationem,
978 2667 1009 2732 in
1035 2669 1100 2733 aliie

122 2778 257 2866 denique
286 2778 325 2843 ad
361 2778 496 2866 ringulae
515 2778 665 2865 legitimae
697 2780 888 2845 recordarer
922 2782 1101 2867 spectavisse

123 2891 356 2957 destinationem
372 2892 395 2957 ³.
417 2892 511 2977 Cujus
529 2894 692 2979 praecipue
709 2893 787 2977 juris
808 2893 969 2959 exercendi
991 2893 1100 2979 gratia,

125 3006 150 3069 ri
173 3026 234 3069 uon
246 3006 400 3070 institutus
419 3006 526 3082 luisse,
545 3017 576 3070 at
591 3027 778 3093 magnopere
796 3017 896 3071 tamen
916 3005 1103 3071 increbuisse

126 3140 193 3182 mor
211 3117 267 3182 iste
282 3119 410 3194 ridetur,
430 3141 493 3205 quo
511 3119 601 3185 certis
621 3117 803 3205 quibusdam
832 3119 962 3204 negotiis
982 3117 1100 3182 obeun-

161 3379 171 3417 ¹
191 3381 322 3440 Ermum,
332 3378 378 3427 1.1.
394 3377 481 3445 §fib
507 3379 542 3428 cr.
559 3391 647 3440 noser,
663 3378 713 3427 lon
731 3378 772 3425 ‹ter
785 3375 959 3425 hndeelroheit
970 3378 995 3425 in
1009 3378 1102 3426 stenet-

124 3473 226 3538 recben,
245 3474 294 3523 aar.
305 3483 329 3522 et
345 3474 409 3537 Lipe.
426 3472 493 3522 lm
503 3509 510 3535 ‚
522 3493 545 3537 p.
555 3471 622 3532 6483
641 3479 766 3534 n'e'rmnm,
776 3472 908 3522 llandbueb
923 3472 1102 3523 dee'lenteelren

123 3567 294 3627 Steetrreebte,
310 3569 333 3617 l.
346 3569 380 3630 11,
400 3586 422 3631 p.
442 3564 485 3630 49,
504 3584 556 3630 eqq.
582 3580 797 3628 lanternarum,
816 3568 833 3615 l.
850 3568 869 3616 l.
883 3568 939 3615 Gan
960 3566 1005 3614 lree
1025 3577 1102 3616 entem

121 3664 182 3727 jarie
199 3662 308 3712 ordinum
327 3662 390 3711 circe
407 3662 532 3725 vectigalie
549 3661 722 3724 incriptione,
736 3662 883 3711 antirrinum
904 3662 973 3724 plene
991 3664 1103 3711 convenit

124 3757 258 3807 eorumden
272 3757 431 3820 paroemiam:
450 3773 503 3806 erro
519 3757 564 3805 wir
581 3756 647 3806 nicbt
662 3760 808 3818 mitrotlren,
824 3755 854 3804 de
876 3757 964 3805 vollen
982 3757 1026 3804 rrir
1040 3757 1102 3806 euelr

126 3850 208 3899 »nieht
224 3850 388 3899 mittlruten.”

159 3944 172 3982 2
189 3947 410 4003 bituminemur,
427 3942 446 3991 1.
466 3942 482 3989 t.
503 3949 552 3990 not.
571 3941 595 3990 6.

159 4038 173 4077 3
191 4041 325 4099 liternum,
343 4036 361 4083 t.
377 4034 394 4081 l.
413 4033 426 4098 p
444 4029 504 4092 427,
522 4032 562 4081 N0.
581 4032 598 4081 5
618 4043 641 4081 er
659 4042 710 4082 not.
729 4034 754 4090 13
773 4038 916 4096 nurture,
935 4036 952 4083 1.
971 4037 988 4084 t.
1006 4054 1027 4097 p.
1041 4032 1090 4083 654

128 4134 197 4197 Queli
203 4135 257 4196 jare
266 4133 290 4179 in
301 4130 425 4178 nonnulli·
441 4127 578 4177 Germaniae
595 4128 730 4192 regionibne
746 4127 873 4178 hodienum
886 4129 981 4178 ordiner
994 4139 1102 4178 utuntur.
