<?xml version="1.0" encoding="UTF-8"?>
<!DOCTYPE html PUBLIC "-//W3C//DTD XHTML 1.0 Transitional//EN"
    "http://www.w3.org/TR/xhtml1/DTD/xhtml1-transitional.dtd">
<html xmlns="http://www.w3.org/1999/xhtml" xml:lang="en" lang="en">
 <head>
  <title>
</title>
<meta http-equiv="Content-Type" content="text/html;charset=utf-8" />
  <meta name='ocr-system' content='tesseract 3.04.00' />
  <meta name='ocr-capabilities' content='ocr_page ocr_carea ocr_par ocr_line ocrx_word'/>
</head>
<body>
  <div class='ocr_page' id='page_1' title='image "./specimenjurispu00backgoog_0200.png"; bbox 0 0 2738 4740; ppageno 0'>
   <div class='ocr_carea' id='block_1_1' title="bbox 556 476 617 538">
    <p class='ocr_par' dir='ltr' id='par_1_1' title="bbox 556 476 617 538">
     <span class='ocr_line' id='line_1_1' title="bbox 556 476 617 538; baseline 0.033 -2"><span class='ocrx_word' id='word_1_1' title='bbox 556 476 617 538; x_wconf 82' lang='lat'><strong>175</strong></span> 
     </span>
    </p>
   </div>
   <div class='ocr_carea' id='block_1_2' title="bbox 98 655 1069 2313">
    <p class='ocr_par' dir='ltr' id='par_1_2' title="bbox 100 655 1069 1865">
     <span class='ocr_line' id='line_1_2' title="bbox 104 655 1066 743; baseline 0.005 -24"><span class='ocrx_word' id='word_1_2' title='bbox 104 655 322 741; x_wconf 88' lang='lat' dir='ltr'><strong>mulgationem</strong></span> <span class='ocrx_word' id='word_1_3' title='bbox 347 655 423 743; x_wconf 87' lang='lat' dir='ltr'><strong>legis</strong></span> <span class='ocrx_word' id='word_1_4' title='bbox 442 655 585 741; x_wconf 87' lang='lat' dir='ltr'><strong>publicae</strong></span> <span class='ocrx_word' id='word_1_5' title='bbox 603 676 712 720; x_wconf 81' lang='lat' dir='ltr'><strong>novem</strong></span> <span class='ocrx_word' id='word_1_6' title='bbox 734 655 840 719; x_wconf 85' lang='lat' dir='ltr'><strong>diebus</strong></span> <span class='ocrx_word' id='word_1_7' title='bbox 861 660 1066 737; x_wconf 76' lang='lat' dir='ltr'><strong>antecessisse,</strong></span> 
     </span>
     <span class='ocr_line' id='line_1_3' title="bbox 104 765 1066 853; baseline 0.006 -22"><span class='ocrx_word' id='word_1_8' title='bbox 104 769 261 853; x_wconf 88' lang='lat' dir='ltr'><strong>suprajam</strong></span> <span class='ocrx_word' id='word_1_9' title='bbox 271 769 505 850; x_wconf 75' lang='lat' dir='ltr'><strong>observavimus,</strong></span> <span class='ocrx_word' id='word_1_10' title='bbox 516 766 635 832; x_wconf 86' lang='lat' dir='ltr'><strong>eximiis</strong></span> <span class='ocrx_word' id='word_1_11' title='bbox 648 766 791 832; x_wconf 88' lang='lat' dir='ltr'><strong>laudibus</strong></span> <span class='ocrx_word' id='word_1_12' title='bbox 804 765 863 834; x_wconf 88' lang='lat' dir='ltr'><strong>hoc</strong></span> <span class='ocrx_word' id='word_1_13' title='bbox 877 770 1066 853; x_wconf 87' lang='lat' dir='ltr'><strong>potissimum</strong></span> 
     </span>
     <span class='ocr_line' id='line_1_4' title="bbox 103 879 1067 968; baseline 0.005 -25"><span class='ocrx_word' id='word_1_14' title='bbox 103 881 227 945; x_wconf 91' lang='lat' dir='ltr'><strong>nomine</strong></span> <span class='ocrx_word' id='word_1_15' title='bbox 246 903 263 946; x_wconf 88' lang='lat' dir='ltr'><strong>a</strong></span> <span class='ocrx_word' id='word_1_16' title='bbox 282 881 387 945; x_wconf 92' lang='lat' dir='ltr'><strong>multis</strong></span> <span class='ocrx_word' id='word_1_17' title='bbox 407 881 594 945; x_wconf 87' lang='lat' dir='ltr'><strong>celebratum</strong></span> <span class='ocrx_word' id='word_1_18' title='bbox 614 890 675 958; x_wconf 88' lang='lat' dir='ltr'><strong>est,</strong></span> <span class='ocrx_word' id='word_1_19' title='bbox 695 879 795 966; x_wconf 94' lang='lat' dir='ltr'><strong>quod,</strong></span> <span class='ocrx_word' id='word_1_20' title='bbox 813 881 964 958; x_wconf 89' lang='lat' dir='ltr'><strong>tollendis,</strong></span> <span class='ocrx_word' id='word_1_21' title='bbox 987 902 1067 968; x_wconf 88' lang='lat' dir='ltr'><strong>quae</strong></span> 
     </span>
     <span class='ocr_line' id='line_1_5' title="bbox 103 992 1067 1080; baseline 0 -22"><span class='ocrx_word' id='word_1_22' title='bbox 103 1014 239 1079; x_wconf 89' lang='lat' dir='ltr'><strong>eousque</strong></span> <span class='ocrx_word' id='word_1_23' title='bbox 261 993 301 1059; x_wconf 86' lang='lat' dir='ltr'><strong>de</strong></span> <span class='ocrx_word' id='word_1_24' title='bbox 323 993 431 1059; x_wconf 87' lang='lat' dir='ltr'><strong>eadem</strong></span> <span class='ocrx_word' id='word_1_25' title='bbox 452 1015 485 1057; x_wconf 89' lang='lat' dir='ltr'><strong>re</strong></span> <span class='ocrx_word' id='word_1_26' title='bbox 503 993 686 1080; x_wconf 75' lang='lat' dir='ltr'><strong>viguissent,</strong></span> <span class='ocrx_word' id='word_1_27' title='bbox 710 992 870 1072; x_wconf 85' lang='lat' dir='ltr'><strong>institutis,</strong></span> <span class='ocrx_word' id='word_1_28' title='bbox 891 994 1067 1079; x_wconf 86' lang='lat' dir='ltr'><strong>praesertim</strong></span> 
     </span>
     <span class='ocr_line' id='line_1_6' title="bbox 102 1105 1069 1191; baseline -0.001 -22"><span class='ocrx_word' id='word_1_29' title='bbox 102 1105 224 1171; x_wconf 87' lang='lat' dir='ltr'><strong>condita</strong></span> <span class='ocrx_word' id='word_1_30' title='bbox 243 1107 449 1191; x_wconf 87' lang='lat' dir='ltr'><strong>Napoleonteo</strong></span> <span class='ocrx_word' id='word_1_31' title='bbox 468 1115 606 1190; x_wconf 88' lang='lat' dir='ltr'><strong>tempore</strong></span> <span class='ocrx_word' id='word_1_32' title='bbox 623 1105 684 1170; x_wconf 92' lang='lat' dir='ltr'><strong>diei</strong></span> <span class='ocrx_word' id='word_1_33' title='bbox 708 1109 751 1170; x_wconf 81' lang='lat'><strong>24</strong></span> <span class='ocrx_word' id='word_1_34' title='bbox 772 1107 856 1191; x_wconf 88' lang='lat' dir='ltr'><strong>Sept.</strong></span> <span class='ocrx_word' id='word_1_35' title='bbox 876 1109 961 1172; x_wconf 87' lang='grc'>1808</span> <span class='ocrx_word' id='word_1_36' title='bbox 985 1105 1069 1169; x_wconf 92' lang='lat' dir='ltr'><strong>ordi·</strong></span> 
     </span>
     <span class='ocr_line' id='line_1_7' title="bbox 101 1201 1068 1293; baseline 0.002 -13"><span class='ocrx_word' id='word_1_37' title='bbox 101 1216 224 1282; x_wconf 89' lang='lat' dir='ltr'><strong>natione</strong></span> <span class='ocrx_word' id='word_1_38' title='bbox 243 1216 276 1293; x_wconf 68' lang='grc'>1,</span> <span class='ocrx_word' id='word_1_39' title='bbox 299 1228 368 1281; x_wconf 90' lang='lat' dir='ltr'><strong>utut</strong></span> <span class='ocrx_word' id='word_1_40' title='bbox 397 1215 474 1280; x_wconf 89' lang='lat' dir='ltr'><strong>nihil</strong></span> <span class='ocrx_word' id='word_1_41' title='bbox 505 1215 726 1281; x_wconf 89' lang='lat' dir='ltr'><strong>detrahendum</strong></span> <span class='ocrx_word' id='word_1_42' title='bbox 753 1218 910 1282; x_wconf 86' lang='lat' dir='ltr'><strong>universae</strong></span> <span class='ocrx_word' id='word_1_43' title='bbox 938 1201 1068 1283; x_wconf 84' lang='lat' dir='ltr'><strong>civitatis</strong></span> 
     </span>
     <span class='ocr_line' id='line_1_8' title="bbox 100 1328 1068 1416; baseline 0.002 -26"><span class='ocrx_word' id='word_1_44' title='bbox 100 1328 327 1392; x_wconf 71' lang='lat' dir='ltr'><strong>moderatorum</strong></span> <span class='ocrx_word' id='word_1_45' title='bbox 347 1328 467 1412; x_wconf 86' lang='lat' dir='ltr'><strong>juribus</strong></span> <span class='ocrx_word' id='word_1_46' title='bbox 491 1329 659 1416; x_wconf 88' lang='lat' dir='ltr'><strong>officiisque</strong></span> <span class='ocrx_word' id='word_1_47' title='bbox 684 1330 1068 1415; x_wconf 67' lang='lat' dir='ltr'><strong>sanciveritmnnicipali·</strong></span> 
     </span>
     <span class='ocr_line' id='line_1_9' title="bbox 100 1438 1067 1527; baseline 0.004 -25"><span class='ocrx_word' id='word_1_48' title='bbox 100 1439 281 1503; x_wconf 76' lang='lat' dir='ltr'><strong>hortamen</strong></span> <span class='ocrx_word' id='word_1_49' title='bbox 304 1438 479 1504; x_wconf 91' lang='lat' dir='ltr'><strong>hominibus</strong></span> <span class='ocrx_word' id='word_1_50' title='bbox 500 1441 647 1506; x_wconf 85' lang='lat' dir='ltr'><strong>libertatis</strong></span> <span class='ocrx_word' id='word_1_51' title='bbox 668 1441 919 1527; x_wconf 81' lang='lat' dir='ltr'><strong>auctoritatisque</strong></span> <span class='ocrx_word' id='word_1_52' title='bbox 940 1442 1067 1506; x_wconf 91' lang='lat' dir='ltr'><strong>modum</strong></span> 
     </span>
     <span class='ocr_line' id='line_1_10' title="bbox 100 1551 1066 1636; baseline 0.004 -21"><span class='ocrx_word' id='word_1_53' title='bbox 100 1553 141 1615; x_wconf 90' lang='lat' dir='ltr'><strong>ita</strong></span> <span class='ocrx_word' id='word_1_54' title='bbox 168 1551 359 1636; x_wconf 89' lang='lat' dir='ltr'><strong>probabilem</strong></span> <span class='ocrx_word' id='word_1_55' title='bbox 388 1553 602 1632; x_wconf 82' lang='lat' dir='ltr'><strong>vindicaverit,</strong></span> <span class='ocrx_word' id='word_1_56' title='bbox 629 1565 663 1618; x_wconf 89' lang='lat' dir='ltr'><strong>ut</strong></span> <span class='ocrx_word' id='word_1_57' title='bbox 690 1555 899 1619; x_wconf 80' lang='lat' dir='ltr'><strong>invariatum</strong></span> <span class='ocrx_word' id='word_1_58' title='bbox 930 1555 1066 1621; x_wconf 83' lang='lat' dir='ltr'><strong>civilium</strong></span> 
     </span>
     <span class='ocr_line' id='line_1_11' title="bbox 100 1662 1066 1753; baseline 0.006 -26"><span class='ocrx_word' id='word_1_59' title='bbox 100 1662 244 1728; x_wconf 89' lang='lat' dir='ltr'><strong>ordinum</strong></span> <span class='ocrx_word' id='word_1_60' title='bbox 261 1667 340 1731; x_wconf 90' lang='lat' dir='ltr'><strong>serie</strong></span> <span class='ocrx_word' id='word_1_61' title='bbox 357 1688 395 1732; x_wconf 93' lang='lat' dir='ltr'><strong>ac</strong></span> <span class='ocrx_word' id='word_1_62' title='bbox 412 1666 505 1731; x_wconf 84' lang='lat' dir='ltr'><strong>veluti</strong></span> <span class='ocrx_word' id='word_1_63' title='bbox 527 1667 702 1753; x_wconf 78' lang='lat' dir='ltr'><strong>gradatione</strong></span> <span class='ocrx_word' id='word_1_64' title='bbox 725 1688 874 1753; x_wconf 84' lang='lat' dir='ltr'><strong>perquam</strong></span> <span class='ocrx_word' id='word_1_65' title='bbox 897 1667 942 1732; x_wconf 92' lang='lat' dir='ltr'><strong>illi</strong></span> <span class='ocrx_word' id='word_1_66' title='bbox 969 1665 1066 1733; x_wconf 92' lang='lat' dir='ltr'><strong>hono-</strong></span> 
     </span>
     <span class='ocr_line' id='line_1_12' title="bbox 100 1776 693 1865; baseline 0.01 -25"><span class='ocrx_word' id='word_1_67' title='bbox 100 1776 217 1843; x_wconf 86' lang='lat' dir='ltr'><strong>rificam</strong></span> <span class='ocrx_word' id='word_1_68' title='bbox 237 1780 396 1845; x_wconf 85' lang='lat' dir='ltr'><strong>stationem</strong></span> <span class='ocrx_word' id='word_1_69' title='bbox 416 1779 655 1865; x_wconf 87' lang='lat' dir='ltr'><strong>adipiscerentur</strong></span> <span class='ocrx_word' id='word_1_70' title='bbox 669 1780 693 1846; x_wconf 83' lang='lat'><strong>².</strong></span> 
     </span>
    </p>

    <p class='ocr_par' dir='ltr' id='par_1_3' title="bbox 98 1890 1066 2313">
     <span class='ocr_line' id='line_1_13' title="bbox 142 1890 1066 1980; baseline 0.006 -27"><span class='ocrx_word' id='word_1_71' title='bbox 142 1890 280 1956; x_wconf 90' lang='lat' dir='ltr'><strong>Primum</strong></span> <span class='ocrx_word' id='word_1_72' title='bbox 301 1893 437 1979; x_wconf 92' lang='lat' dir='ltr'><strong>quidem,</strong></span> <span class='ocrx_word' id='word_1_73' title='bbox 462 1892 546 1980; x_wconf 91' lang='lat' dir='ltr'><strong>qnod</strong></span> <span class='ocrx_word' id='word_1_74' title='bbox 566 1893 606 1957; x_wconf 88' lang='lat' dir='ltr'><strong>ad</strong></span> <span class='ocrx_word' id='word_1_75' title='bbox 630 1893 854 1957; x_wconf 91' lang='lat' dir='ltr'><strong>communionis</strong></span> <span class='ocrx_word' id='word_1_76' title='bbox 874 1893 1066 1979; x_wconf 88' lang='lat' dir='ltr'><strong>municipalis</strong></span> 
     </span>
     <span class='ocr_line' id='line_1_14' title="bbox 98 1998 1066 2089; baseline 0 -23"><span class='ocrx_word' id='word_1_77' title='bbox 98 1998 293 2089; x_wconf 85' lang='lat' dir='ltr'><strong>(Gemeinde)</strong></span> <span class='ocrx_word' id='word_1_78' title='bbox 314 2002 543 2082; x_wconf 88' lang='lat' dir='ltr'><strong>definitionem,</strong></span> <span class='ocrx_word' id='word_1_79' title='bbox 567 2016 692 2072; x_wconf 82' lang='lat' dir='ltr'><strong>caurum</strong></span> <span class='ocrx_word' id='word_1_80' title='bbox 712 2001 808 2068; x_wconf 89' lang='lat' dir='ltr'><strong>hocce</strong></span> <span class='ocrx_word' id='word_1_81' title='bbox 829 2002 928 2067; x_wconf 90' lang='lat' dir='ltr'><strong>edicto</strong></span> <span class='ocrx_word' id='word_1_82' title='bbox 947 2003 1066 2066; x_wconf 85' lang='lat' dir='ltr'><strong>inveni-</strong></span> 
     </span>
     <span class='ocr_line' id='line_1_15' title="bbox 98 2112 1066 2204; baseline -0.001 -25"><span class='ocrx_word' id='word_1_83' title='bbox 98 2136 180 2179; x_wconf 91' lang='lat' dir='ltr'><strong>mus:</strong></span> <span class='ocrx_word' id='word_1_84' title='bbox 208 2112 238 2202; x_wconf 92' lang='grc'><strong>1)</strong></span> <span class='ocrx_word' id='word_1_85' title='bbox 259 2127 294 2179; x_wconf 93' lang='lat' dir='ltr'><strong>ut</strong></span> <span class='ocrx_word' id='word_1_86' title='bbox 317 2128 491 2204; x_wconf 88' lang='lat' dir='ltr'><strong>quotquot,</strong></span> <span class='ocrx_word' id='word_1_87' title='bbox 513 2119 576 2181; x_wconf 83' lang='lat' dir='ltr'><strong>sive</strong></span> <span class='ocrx_word' id='word_1_88' title='bbox 597 2116 704 2192; x_wconf 91' lang='lat' dir='ltr'><strong>urbes,</strong></span> <span class='ocrx_word' id='word_1_89' title='bbox 727 2136 788 2199; x_wconf 86' lang='lat' dir='ltr'><strong>qua</strong></span> <span class='ocrx_word' id='word_1_90' title='bbox 810 2113 1013 2198; x_wconf 88' lang='lat' dir='ltr'><strong>appellatione</strong></span> <span class='ocrx_word' id='word_1_91' title='bbox 1034 2114 1066 2178; x_wconf 92' lang='lat' dir='ltr'><strong>in</strong></span> 
     </span>
     <span class='ocr_line' id='line_1_16' title="bbox 98 2224 1066 2313; baseline -0.002 -23"><span class='ocrx_word' id='word_1_92' title='bbox 98 2227 224 2313; x_wconf 84' lang='lat' dir='ltr'><strong>singulis</strong></span> <span class='ocrx_word' id='word_1_93' title='bbox 241 2227 333 2292; x_wconf 92' lang='lat' dir='ltr'><strong>etiam</strong></span> <span class='ocrx_word' id='word_1_94' title='bbox 348 2227 493 2293; x_wconf 89' lang='lat' dir='ltr'><strong>suburbia</strong></span> <span class='ocrx_word' id='word_1_95' title='bbox 511 2248 569 2291; x_wconf 89' lang='lat' dir='ltr'><strong>neo</strong></span> <span class='ocrx_word' id='word_1_96' title='bbox 586 2247 648 2290; x_wconf 93' lang='lat' dir='ltr'><strong>non</strong></span> <span class='ocrx_word' id='word_1_97' title='bbox 663 2226 801 2310; x_wconf 76' lang='lat' dir='ltr'><strong>proximo</strong></span> <span class='ocrx_word' id='word_1_98' title='bbox 814 2224 1066 2308; x_wconf 82' lang='lat' dir='ltr'><strong>circumjacentes</strong></span> 
     </span>
    </p>
   </div>
   <div class='ocr_carea' id='block_1_3' title="bbox 98 2480 1068 2734">
    <p class='ocr_par' dir='ltr' id='par_1_4' title="bbox 98 2480 1068 2734">
     <span class='ocr_line' id='line_1_17' title="bbox 99 2480 1068 2546; baseline 0.005 -18"><span class='ocrx_word' id='word_1_99' title='bbox 99 2481 240 2544; x_wconf 74' lang='lat' dir='ltr'><strong>Verlaaanng</strong></span> <span class='ocrx_word' id='word_1_100' title='bbox 255 2485 334 2529; x_wconf 80' lang='lat' dir='ltr'><strong>misaac</strong></span> <span class='ocrx_word' id='word_1_101' title='bbox 351 2498 398 2530; x_wconf 79' lang='lat' dir='ltr'><strong>von</strong></span> <span class='ocrx_word' id='word_1_102' title='bbox 415 2483 481 2530; x_wconf 84' lang='lat' dir='ltr'><strong>einer</strong></span> <span class='ocrx_word' id='word_1_103' title='bbox 496 2497 583 2543; x_wconf 81' lang='lat' dir='ltr'><strong>neuen,</strong></span> <span class='ocrx_word' id='word_1_104' title='bbox 600 2480 793 2544; x_wconf 70' lang='lat' dir='ltr'><strong>aweckm&#39;a‘aaigen</strong></span> <span class='ocrx_word' id='word_1_105' title='bbox 810 2481 949 2546; x_wconf 76' lang='lat' dir='ltr'><strong>(leataltong</strong></span> <span class='ocrx_word' id='word_1_106' title='bbox 962 2482 1004 2531; x_wconf 88' lang='lat' dir='ltr'><strong>der</strong></span> <span class='ocrx_word' id='word_1_107' title='bbox 1021 2484 1068 2533; x_wconf 81' lang='lat' dir='ltr'><strong>lle-</strong></span> 
     </span>
     <span class='ocr_line' id='line_1_18' title="bbox 98 2574 1067 2639; baseline 0 -16"><span class='ocrx_word' id='word_1_108' title='bbox 98 2575 207 2624; x_wconf 81' lang='lat' dir='ltr'><strong>neiaden</strong></span> <span class='ocrx_word' id='word_1_109' title='bbox 232 2575 360 2639; x_wconf 75' lang='lat' dir='ltr'><strong>aoagelen.</strong></span> <span class='ocrx_word' id='word_1_110' title='bbox 396 2576 462 2623; x_wconf 81' lang='lat' dir='ltr'><strong>Dana</strong></span> <span class='ocrx_word' id='word_1_111' title='bbox 480 2575 526 2623; x_wconf 88' lang='lat' dir='ltr'><strong>aoll</strong></span> <span class='ocrx_word' id='word_1_112' title='bbox 545 2574 586 2622; x_wconf 85' lang='lat' dir='ltr'><strong>der</strong></span> <span class='ocrx_word' id='word_1_113' title='bbox 601 2575 749 2638; x_wconf 75' lang='lat' dir='ltr'><strong>Organiamm</strong></span> <span class='ocrx_word' id='word_1_114' title='bbox 765 2575 807 2624; x_wconf 88' lang='lat' dir='ltr'><strong>dea</strong></span> <span class='ocrx_word' id='word_1_115' title='bbox 824 2576 902 2624; x_wconf 89' lang='lat' dir='ltr'><strong>Staata</strong></span> <span class='ocrx_word' id='word_1_116' title='bbox 918 2576 957 2623; x_wconf 85' lang='lat' dir='ltr'><strong>ein</strong></span> <span class='ocrx_word' id='word_1_117' title='bbox 973 2576 998 2624; x_wconf 84' lang='lat' dir='ltr'><strong>in</strong></span> <span class='ocrx_word' id='word_1_118' title='bbox 1016 2575 1067 2624; x_wconf 82' lang='lat' dir='ltr'><strong>ricla</strong></span> 
     </span>
     <span class='ocr_line' id='line_1_19' title="bbox 98 2669 1068 2734; baseline -0.001 -15"><span class='ocrx_word' id='word_1_119' title='bbox 98 2670 380 2734; x_wconf 71' lang='lat' dir='ltr'><strong>zusammenlaanqeadaa‚</strong></span> <span class='ocrx_word' id='word_1_120' title='bbox 397 2669 584 2733; x_wconf 75' lang='lat' dir='ltr'><strong>notlrweodigea,</strong></span> <span class='ocrx_word' id='word_1_121' title='bbox 601 2669 649 2718; x_wconf 88' lang='lat' dir='ltr'><strong>alle</strong></span> <span class='ocrx_word' id='word_1_122' title='bbox 665 2669 747 2718; x_wconf 78' lang='lat' dir='ltr'><strong>Thalle</strong></span> <span class='ocrx_word' id='word_1_123' title='bbox 757 2669 1068 2733; x_wconf 70' lang='lat' dir='ltr'><strong>gleiclsm&#39;a&#39;aaigumaolliea-</strong></span> 
     </span>
    </p>
   </div>
   <div class='ocr_carea' id='block_1_4' title="bbox 97 2763 1068 2920">
    <p class='ocr_par' dir='ltr' id='par_1_5' title="bbox 97 2763 1068 2920">
     <span class='ocr_line' id='line_1_20' title="bbox 97 2763 1067 2826; baseline 0 -15"><span class='ocrx_word' id='word_1_124' title='bbox 97 2763 180 2812; x_wconf 79' lang='lat' dir='ltr'><strong>rendra</strong></span> <span class='ocrx_word' id='word_1_125' title='bbox 206 2766 297 2813; x_wconf 81' lang='lat' dir='ltr'><strong>Ganaea</strong></span> <span class='ocrx_word' id='word_1_126' title='bbox 320 2764 412 2826; x_wconf 80' lang='lat' dir='ltr'><strong>hilden,</strong></span> <span class='ocrx_word' id='word_1_127' title='bbox 433 2782 459 2813; x_wconf 93' lang='lat' dir='ltr'><strong>ao</strong></span> <span class='ocrx_word' id='word_1_128' title='bbox 476 2781 538 2812; x_wconf 80' lang='lat' dir='ltr'><strong>muas</strong></span> <span class='ocrx_word' id='word_1_129' title='bbox 561 2763 599 2811; x_wconf 89' lang='lat' dir='ltr'><strong>dia</strong></span> <span class='ocrx_word' id='word_1_130' title='bbox 622 2780 683 2811; x_wconf 82' lang='lat' dir='ltr'><strong>neue</strong></span> <span class='ocrx_word' id='word_1_131' title='bbox 701 2764 839 2826; x_wconf 77' lang='lat' dir='ltr'><strong>Geataltnng</strong></span> <span class='ocrx_word' id='word_1_132' title='bbox 856 2763 922 2812; x_wconf 85' lang='lat' dir='ltr'><strong>nieht</strong></span> <span class='ocrx_word' id='word_1_133' title='bbox 940 2780 987 2810; x_wconf 81' lang='lat' dir='ltr'><strong>von</strong></span> <span class='ocrx_word' id='word_1_134' title='bbox 1006 2764 1067 2811; x_wconf 83' lang='lat' dir='ltr'><strong>oben</strong></span> 
     </span>
     <span class='ocr_line' id='line_1_21' title="bbox 98 2854 1068 2920; baseline 0.001 -19"><span class='ocrx_word' id='word_1_135' title='bbox 98 2855 171 2904; x_wconf 75' lang='lat' dir='ltr'><strong>harah</strong></span> <span class='ocrx_word' id='word_1_136' title='bbox 188 2857 315 2920; x_wconf 80' lang='lat' dir='ltr'><strong>haginoen,</strong></span> <span class='ocrx_word' id='word_1_137' title='bbox 334 2857 435 2904; x_wconf 86' lang='lat' dir='ltr'><strong>aondem</strong></span> <span class='ocrx_word' id='word_1_138' title='bbox 452 2873 499 2904; x_wconf 72' lang='lat' dir='ltr'><strong>sou</strong></span> <span class='ocrx_word' id='word_1_139' title='bbox 516 2863 591 2902; x_wconf 85' lang='lat' dir='ltr'><strong>unten</strong></span> <span class='ocrx_word' id='word_1_140' title='bbox 608 2854 695 2901; x_wconf 86' lang='lat' dir='ltr'><strong>hioaul</strong></span> <span class='ocrx_word' id='word_1_141' title='bbox 711 2854 847 2902; x_wconf 84' lang='lat' dir='ltr'><strong>aohehen.”</strong></span> <span class='ocrx_word' id='word_1_142' title='bbox 871 2856 904 2902; x_wconf 85' lang='lat' dir='ltr'><strong>lle</strong></span> <span class='ocrx_word' id='word_1_143' title='bbox 921 2856 1068 2903; x_wconf 87' lang='lat' dir='ltr'><strong>communio-</strong></span> 
     </span>
    </p>
   </div>
   <div class='ocr_carea' id='block_1_5' title="bbox 53 2947 1068 4230">
    <p class='ocr_par' dir='ltr' id='par_1_6' title="bbox 53 2947 1068 3573">
     <span class='ocr_line' id='line_1_22' title="bbox 98 2947 1068 3012; baseline -0.002 -15"><span class='ocrx_word' id='word_1_144' title='bbox 98 2966 154 2997; x_wconf 86' lang='lat' dir='ltr'><strong>num</strong></span> <span class='ocrx_word' id='word_1_145' title='bbox 179 2949 204 2997; x_wconf 88' lang='lat' dir='ltr'><strong>in</strong></span> <span class='ocrx_word' id='word_1_146' title='bbox 223 2950 321 2998; x_wconf 79' lang='lat' dir='ltr'><strong>Bararit</strong></span> <span class='ocrx_word' id='word_1_147' title='bbox 339 2959 411 3012; x_wconf 90' lang='lat' dir='ltr'><strong>atatn,</strong></span> <span class='ocrx_word' id='word_1_148' title='bbox 425 2950 530 3012; x_wconf 88' lang='lat' dir='ltr'><strong>juribua,</strong></span> <span class='ocrx_word' id='word_1_149' title='bbox 547 2947 751 2995; x_wconf 79' lang='lat' dir='ltr'><strong>administratione</strong></span> <span class='ocrx_word' id='word_1_150' title='bbox 768 2948 896 3009; x_wconf 80' lang='lat' dir='ltr'><strong>peculiaria</strong></span> <span class='ocrx_word' id='word_1_151' title='bbox 914 2949 999 3010; x_wconf 89' lang='lat' dir='ltr'><strong>acripta</strong></span> <span class='ocrx_word' id='word_1_152' title='bbox 1016 2947 1068 2995; x_wconf 87' lang='lat' dir='ltr'><strong>edi-</strong></span> 
     </span>
     <span class='ocr_line' id='line_1_23' title="bbox 98 3040 1066 3103; baseline 0.001 -15"><span class='ocrx_word' id='word_1_153' title='bbox 98 3042 184 3089; x_wconf 85' lang='lat' dir='ltr'><strong>derunt</strong></span> <span class='ocrx_word' id='word_1_154' title='bbox 201 3055 355 3101; x_wconf 73' lang='lat' dir='ltr'><strong>seuuemo,</strong></span> <span class='ocrx_word' id='word_1_155' title='bbox 373 3043 419 3089; x_wconf 84' lang='lat' dir='ltr'><strong>llaa</strong></span> <span class='ocrx_word' id='word_1_156' title='bbox 435 3040 727 3090; x_wconf 82' lang='lat' dir='ltr'><strong>llural-Gemeindeweaen</strong></span> <span class='ocrx_word' id='word_1_157' title='bbox 744 3040 776 3087; x_wconf 80' lang='lat' dir='ltr'><strong>in</strong></span> <span class='ocrx_word' id='word_1_158' title='bbox 793 3040 949 3102; x_wconf 70' lang='lat' dir='ltr'><strong>Kdnigreicle</strong></span> <span class='ocrx_word' id='word_1_159' title='bbox 972 3042 1066 3103; x_wconf 84' lang='lat' dir='ltr'><strong>Baiern,</strong></span> 
     </span>
     <span class='ocr_line' id='line_1_24' title="bbox 99 3132 1068 3200; baseline 0 -16"><span class='ocrx_word' id='word_1_160' title='bbox 99 3134 192 3184; x_wconf 77' lang='lat' dir='ltr'><strong>lldralr.</strong></span> <span class='ocrx_word' id='word_1_161' title='bbox 211 3132 278 3182; x_wconf 85' lang='grc'>1817</span> <span class='ocrx_word' id='word_1_162' title='bbox 296 3144 320 3182; x_wconf 84' lang='lat' dir='ltr'><strong>et</strong></span> <span class='ocrx_word' id='word_1_163' title='bbox 337 3133 419 3191; x_wconf 76' lang='lat'><strong>18183</strong></span> <span class='ocrx_word' id='word_1_164' title='bbox 438 3149 462 3184; x_wconf 85' lang='lat' dir='ltr'><strong>o.</strong></span> <span class='ocrx_word' id='word_1_165' title='bbox 477 3141 619 3197; x_wconf 68' lang='lat' dir='ltr'><strong>otcumozt,</strong></span> <span class='ocrx_word' id='word_1_166' title='bbox 636 3135 678 3184; x_wconf 84' lang='lat' dir='ltr'><strong>Dia</strong></span> <span class='ocrx_word' id='word_1_167' title='bbox 695 3134 837 3197; x_wconf 70' lang='lat' dir='ltr'><strong>Veriaaaung</strong></span> <span class='ocrx_word' id='word_1_168' title='bbox 854 3135 903 3182; x_wconf 82' lang='lat' dir='ltr'><strong>ond</strong></span> <span class='ocrx_word' id='word_1_169' title='bbox 916 3135 1068 3200; x_wconf 68' lang='lat' dir='ltr'><strong>lerwaltnug</strong></span> 
     </span>
     <span class='ocr_line' id='line_1_25' title="bbox 99 3231 1067 3293; baseline 0.002 -15"><span class='ocrx_word' id='word_1_170' title='bbox 99 3231 140 3279; x_wconf 87' lang='lat' dir='ltr'><strong>der</strong></span> <span class='ocrx_word' id='word_1_171' title='bbox 162 3231 305 3279; x_wconf 77' lang='lat' dir='ltr'><strong>(lemeinden</strong></span> <span class='ocrx_word' id='word_1_172' title='bbox 328 3232 354 3279; x_wconf 89' lang='lat' dir='ltr'><strong>io</strong></span> <span class='ocrx_word' id='word_1_173' title='bbox 374 3232 458 3281; x_wconf 84' lang='lat' dir='ltr'><strong>Baiem</strong></span> <span class='ocrx_word' id='word_1_174' title='bbox 475 3231 536 3280; x_wconf 87' lang='lat' dir='ltr'><strong>nach</strong></span> <span class='ocrx_word' id='word_1_175' title='bbox 554 3233 605 3280; x_wconf 88' lang='lat' dir='ltr'><strong>dem</strong></span> <span class='ocrx_word' id='word_1_176' title='bbox 623 3232 702 3280; x_wconf 83' lang='lat' dir='ltr'><strong>Edicta</strong></span> <span class='ocrx_word' id='word_1_177' title='bbox 719 3232 777 3282; x_wconf 80' lang='lat' dir='ltr'><strong>iiber</strong></span> <span class='ocrx_word' id='word_1_178' title='bbox 793 3231 835 3279; x_wconf 90' lang='lat' dir='ltr'><strong>daa</strong></span> <span class='ocrx_word' id='word_1_179' title='bbox 852 3231 1067 3293; x_wconf 81' lang='lat' dir='ltr'><strong>Gemeiadeweaen,</strong></span> 
     </span>
     <span class='ocr_line' id='line_1_26' title="bbox 53 3324 1067 3389; baseline 0.002 -18"><span class='ocrx_word' id='word_1_180' title='bbox 53 3341 56 3350; x_wconf 92' lang='grc'><strong><em>·</em></strong></span> <span class='ocrx_word' id='word_1_181' title='bbox 99 3326 169 3372; x_wconf 89' lang='lat' dir='ltr'><strong>nebat</strong></span> <span class='ocrx_word' id='word_1_182' title='bbox 185 3324 231 3372; x_wconf 82' lang='lat' dir='ltr'><strong>den</strong></span> <span class='ocrx_word' id='word_1_183' title='bbox 248 3325 333 3372; x_wconf 89' lang='lat' dir='ltr'><strong>daranl</strong></span> <span class='ocrx_word' id='word_1_184' title='bbox 349 3324 502 3387; x_wconf 73' lang='lat' dir='ltr'><strong>berfigliolen</strong></span> <span class='ocrx_word' id='word_1_185' title='bbox 519 3326 676 3389; x_wconf 80' lang='lat' dir='ltr'><strong>llegulativen</strong></span> <span class='ocrx_word' id='word_1_186' title='bbox 694 3326 742 3374; x_wconf 88' lang='lat' dir='ltr'><strong>ond</strong></span> <span class='ocrx_word' id='word_1_187' title='bbox 759 3325 951 3388; x_wconf 76' lang='lat' dir='ltr'><strong>Verordnungeo,</strong></span> <span class='ocrx_word' id='word_1_188' title='bbox 969 3326 1011 3373; x_wconf 83' lang='lat' dir='ltr'><strong>mit</strong></span> <span class='ocrx_word' id='word_1_189' title='bbox 1025 3326 1067 3373; x_wconf 86' lang='lat' dir='ltr'><strong>be·</strong></span> 
     </span>
     <span class='ocr_line' id='line_1_27' title="bbox 100 3415 1068 3466; baseline 0 -3"><span class='ocrx_word' id='word_1_190' title='bbox 100 3416 211 3464; x_wconf 82' lang='lat' dir='ltr'><strong>aonderer</strong></span> <span class='ocrx_word' id='word_1_191' title='bbox 236 3415 367 3464; x_wconf 81' lang='lat' dir='ltr'><strong>lla&#39;rclaialrt</strong></span> <span class='ocrx_word' id='word_1_192' title='bbox 399 3416 441 3464; x_wconf 88' lang='lat' dir='ltr'><strong>aul</strong></span> <span class='ocrx_word' id='word_1_193' title='bbox 465 3416 511 3465; x_wconf 84' lang='lat' dir='ltr'><strong>dea</strong></span> <span class='ocrx_word' id='word_1_194' title='bbox 536 3416 660 3466; x_wconf 78' lang='lat' dir='ltr'><strong>Gabranclr</strong></span> <span class='ocrx_word' id='word_1_195' title='bbox 687 3418 724 3466; x_wconf 77' lang='lat' dir='ltr'><strong>toa</strong></span> <span class='ocrx_word' id='word_1_196' title='bbox 748 3416 873 3466; x_wconf 80' lang='lat' dir='ltr'><strong>at&#39;a&#39;dtiacle</strong></span> <span class='ocrx_word' id='word_1_197' title='bbox 901 3417 995 3465; x_wconf 85' lang='lat' dir='ltr'><strong>Beamte</strong></span> <span class='ocrx_word' id='word_1_198' title='bbox 1018 3416 1068 3464; x_wconf 88' lang='lat' dir='ltr'><strong>und</strong></span> 
     </span>
     <span class='ocr_line' id='line_1_28' title="bbox 98 3508 901 3573; baseline 0 -15"><span class='ocrx_word' id='word_1_199' title='bbox 98 3508 355 3570; x_wconf 76' lang='lat' dir='ltr'><strong>Gemeindevorateler,</strong></span> <span class='ocrx_word' id='word_1_200' title='bbox 372 3511 609 3573; x_wconf 76' lang='lat' dir='ltr'><strong>zuaanmengeatellt,</strong></span> <span class='ocrx_word' id='word_1_201' title='bbox 626 3511 721 3559; x_wconf 76' lang='lat' dir='ltr'><strong>llilnclr.</strong></span> <span class='ocrx_word' id='word_1_202' title='bbox 741 3508 817 3573; x_wconf 87' lang='lat'><strong>1819,</strong></span> <span class='ocrx_word' id='word_1_203' title='bbox 836 3508 901 3558; x_wconf 83' lang='grc'>111.</span> 
     </span>
    </p>

    <p class='ocr_par' dir='ltr' id='par_1_7' title="bbox 98 3599 1067 3854">
     <span class='ocr_line' id='line_1_29' title="bbox 134 3599 1067 3666; baseline 0.002 -19"><span class='ocrx_word' id='word_1_204' title='bbox 134 3599 234 3649; x_wconf 80' lang='lat' dir='ltr'><strong>¹lldict.</strong></span> <span class='ocrx_word' id='word_1_205' title='bbox 260 3600 289 3648; x_wconf 90' lang='lat' dir='ltr'><strong>de</strong></span> <span class='ocrx_word' id='word_1_206' title='bbox 313 3601 393 3648; x_wconf 86' lang='lat' dir='ltr'><strong>lutura</strong></span> <span class='ocrx_word' id='word_1_207' title='bbox 420 3603 597 3666; x_wconf 76' lang='lat' dir='ltr'><strong>municipiorum</strong></span> <span class='ocrx_word' id='word_1_208' title='bbox 623 3605 792 3652; x_wconf 76' lang='lat' dir='ltr'><strong>constitutione</strong></span> <span class='ocrx_word' id='word_1_209' title='bbox 813 3612 837 3651; x_wconf 87' lang='lat' dir='ltr'><strong>et</strong></span> <span class='ocrx_word' id='word_1_210' title='bbox 856 3602 1067 3663; x_wconf 82' lang='lat' dir='ltr'><strong>admiaiatrationa,</strong></span> 
     </span>
     <span class='ocr_line' id='line_1_30' title="bbox 99 3692 1067 3759; baseline 0.001 -18"><span class='ocrx_word' id='word_1_211' title='bbox 99 3694 124 3742; x_wconf 83' lang='lat' dir='ltr'><strong>d.</strong></span> <span class='ocrx_word' id='word_1_212' title='bbox 140 3692 172 3743; x_wconf 83' lang='grc'><strong>17</strong></span> <span class='ocrx_word' id='word_1_213' title='bbox 189 3711 220 3744; x_wconf 85' lang='grc' dir='ltr'><strong>ιι.</strong></span> <span class='ocrx_word' id='word_1_214' title='bbox 238 3695 294 3758; x_wconf 80' lang='lat' dir='ltr'><strong>llaji</strong></span> <span class='ocrx_word' id='word_1_215' title='bbox 311 3710 334 3743; x_wconf 91' lang='lat' dir='ltr'><strong>a.</strong></span> <span class='ocrx_word' id='word_1_216' title='bbox 346 3692 422 3758; x_wconf 87' lang='lat'><strong>1818,</strong></span> <span class='ocrx_word' id='word_1_217' title='bbox 440 3696 465 3744; x_wconf 83' lang='lat' dir='ltr'><strong>ia</strong></span> <span class='ocrx_word' id='word_1_218' title='bbox 481 3697 500 3744; x_wconf 89' lang='grc'><strong>1.</strong></span> <span class='ocrx_word' id='word_1_219' title='bbox 517 3714 621 3759; x_wconf 79' lang='lat' dir='ltr'><strong>prooem.</strong></span> <span class='ocrx_word' id='word_1_220' title='bbox 656 3700 746 3746; x_wconf 75' lang='lat' dir='ltr'><strong>laaerta</strong></span> <span class='ocrx_word' id='word_1_221' title='bbox 764 3698 843 3745; x_wconf 82' lang='lat' dir='ltr'><strong>luerat</strong></span> <span class='ocrx_word' id='word_1_222' title='bbox 859 3696 977 3745; x_wconf 80' lang='lat' dir='ltr'><strong>ordinatio</strong></span> <span class='ocrx_word' id='word_1_223' title='bbox 993 3692 1067 3743; x_wconf 63' lang='grc'><strong>821</strong></span> 
     </span>
     <span class='ocr_line' id='line_1_31' title="bbox 98 3785 1067 3854; baseline 0.001 -19"><span class='ocrx_word' id='word_1_224' title='bbox 98 3789 161 3851; x_wconf 84' lang='lat' dir='ltr'><strong>Sept.</strong></span> <span class='ocrx_word' id='word_1_225' title='bbox 176 3786 242 3838; x_wconf 88' lang='lat'><strong>1808</strong></span> <span class='ocrx_word' id='word_1_226' title='bbox 258 3789 299 3837; x_wconf 88' lang='lat' dir='ltr'><strong>in:</strong></span> <span class='ocrx_word' id='word_1_227' title='bbox 316 3787 389 3852; x_wconf 72' lang='lat' dir='ltr'><strong>llayr.</strong></span> <span class='ocrx_word' id='word_1_228' title='bbox 407 3790 623 3854; x_wconf 71' lang='lat' dir='ltr'><strong>llegiernngablatt,</strong></span> <span class='ocrx_word' id='word_1_229' title='bbox 636 3788 714 3853; x_wconf 88' lang='grc'>1808,</span> <span class='ocrx_word' id='word_1_230' title='bbox 726 3789 765 3839; x_wconf 63' lang='grc'>111.</span> <span class='ocrx_word' id='word_1_231' title='bbox 776 3788 839 3851; x_wconf 82' lang='lat' dir='ltr'><strong>th,</strong></span> <span class='ocrx_word' id='word_1_232' title='bbox 849 3806 872 3850; x_wconf 91' lang='lat' dir='ltr'><strong>p.</strong></span> <span class='ocrx_word' id='word_1_233' title='bbox 883 3785 1067 3837; x_wconf 73' lang='lat'><strong>2405-2431.</strong></span> 
     </span>
    </p>

    <p class='ocr_par' dir='ltr' id='par_1_8' title="bbox 99 3878 1068 4230">
     <span class='ocr_line' id='line_1_32' title="bbox 131 3878 1068 3942; baseline 0.002 -16"><span class='ocrx_word' id='word_1_234' title='bbox 131 3878 210 3927; x_wconf 70' lang='lat' dir='ltr'><strong>’via</strong></span> <span class='ocrx_word' id='word_1_235' title='bbox 228 3895 249 3928; x_wconf 87' lang='lat' dir='ltr'><strong>s.</strong></span> <span class='ocrx_word' id='word_1_236' title='bbox 266 3894 288 3929; x_wconf 93' lang='lat' dir='ltr'><strong>c.</strong></span> <span class='ocrx_word' id='word_1_237' title='bbox 307 3893 352 3929; x_wconf 83' lang='lat' dir='ltr'><strong>von</strong></span> <span class='ocrx_word' id='word_1_238' title='bbox 368 3893 453 3930; x_wconf 74' lang='lat' dir='ltr'><strong>sarrin</strong></span> <span class='ocrx_word' id='word_1_239' title='bbox 470 3891 494 3930; x_wconf 82' lang='lat' dir='ltr'><strong>et</strong></span> <span class='ocrx_word' id='word_1_240' title='bbox 511 3896 531 3930; x_wconf 91' lang='lat' dir='ltr'><strong>c.</strong></span> <span class='ocrx_word' id='word_1_241' title='bbox 551 3895 596 3930; x_wconf 84' lang='lat' dir='ltr'><strong>von</strong></span> <span class='ocrx_word' id='word_1_242' title='bbox 614 3894 727 3942; x_wconf 76' lang='lat' dir='ltr'><strong>aomar,</strong></span> <span class='ocrx_word' id='word_1_243' title='bbox 751 3880 895 3930; x_wconf 77' lang='lat' dir='ltr'><strong>Staatareclat</strong></span> <span class='ocrx_word' id='word_1_244' title='bbox 916 3881 957 3928; x_wconf 84' lang='lat' dir='ltr'><strong>der</strong></span> <span class='ocrx_word' id='word_1_245' title='bbox 975 3880 1068 3929; x_wconf 76' lang='lat' dir='ltr'><strong>tonati-</strong></span> 
     </span>
     <span class='ocr_line' id='line_1_33' title="bbox 99 3970 1066 4039; baseline 0.003 -20"><span class='ocrx_word' id='word_1_246' title='bbox 99 3971 241 4020; x_wconf 83' lang='lat' dir='ltr'><strong>tntionelleu</strong></span> <span class='ocrx_word' id='word_1_247' title='bbox 258 3973 403 4034; x_wconf 84' lang='lat' dir='ltr'><strong>llonarchie,</strong></span> <span class='ocrx_word' id='word_1_248' title='bbox 422 3971 498 4035; x_wconf 84' lang='lat'><strong>1828,</strong></span> <span class='ocrx_word' id='word_1_249' title='bbox 517 3975 543 4021; x_wconf 83' lang='grc'><strong>1.</strong></span> <span class='ocrx_word' id='word_1_250' title='bbox 561 3974 606 4035; x_wconf 89' lang='grc'>111,</span> <span class='ocrx_word' id='word_1_251' title='bbox 625 3989 647 4021; x_wconf 87' lang='lat' dir='ltr'><strong>c.</strong></span> <span class='ocrx_word' id='word_1_252' title='bbox 663 3970 690 4034; x_wconf 82' lang='lat'><strong>2,</strong></span> <span class='ocrx_word' id='word_1_253' title='bbox 708 3971 755 4039; x_wconf 69' lang='lat' dir='ltr'><strong>p2,</strong></span> <span class='ocrx_word' id='word_1_254' title='bbox 773 3984 824 4021; x_wconf 84' lang='lat' dir='ltr'><strong>not.</strong></span> <span class='ocrx_word' id='word_1_255' title='bbox 845 3973 894 4021; x_wconf 88' lang='lat' dir='ltr'><strong>lio</strong></span> <span class='ocrx_word' id='word_1_256' title='bbox 912 3974 929 4030; x_wconf 67' lang='lat' dir='ltr'><strong>fr</strong></span> <span class='ocrx_word' id='word_1_257' title='bbox 945 3988 966 4025; x_wconf 79' lang='lat' dir='ltr'><strong>r.</strong></span> <span class='ocrx_word' id='word_1_258' title='bbox 978 3978 1066 4035; x_wconf 70' lang='lat' dir='ltr'><strong>litto,</strong></span> 
     </span>
     <span class='ocr_line' id='line_1_34' title="bbox 99 4064 1067 4132; baseline 0.002 -18"><span class='ocrx_word' id='word_1_259' title='bbox 99 4066 237 4114; x_wconf 80' lang='lat' dir='ltr'><strong>Geacbiolrte</strong></span> <span class='ocrx_word' id='word_1_260' title='bbox 254 4068 427 4117; x_wconf 82' lang='lat' dir='ltr'><strong>Deutaclrlanda</strong></span> <span class='ocrx_word' id='word_1_261' title='bbox 438 4086 485 4117; x_wconf 76' lang='lat' dir='ltr'><strong>von</strong></span> <span class='ocrx_word' id='word_1_262' title='bbox 498 4064 676 4130; x_wconf 80' lang='lat'><strong>1806-1830,</strong></span> <span class='ocrx_word' id='word_1_263' title='bbox 688 4068 770 4115; x_wconf 81' lang='lat' dir='ltr'><strong>llamlr.</strong></span> <span class='ocrx_word' id='word_1_264' title='bbox 783 4064 860 4130; x_wconf 83' lang='grc'>1812,</span> <span class='ocrx_word' id='word_1_265' title='bbox 871 4085 895 4132; x_wconf 84' lang='lat' dir='ltr'><strong>p.</strong></span> <span class='ocrx_word' id='word_1_266' title='bbox 904 4067 964 4128; x_wconf 72' lang='lat'><strong>5353</strong></span> <span class='ocrx_word' id='word_1_267' title='bbox 976 4074 1067 4130; x_wconf 68' lang='lat' dir='ltr'><strong>edom,</strong></span> 
     </span>
     <span class='ocr_line' id='line_1_35' title="bbox 101 4159 1066 4230; baseline 0.003 -24"><span class='ocrx_word' id='word_1_268' title='bbox 101 4159 142 4207; x_wconf 82' lang='lat' dir='ltr'><strong>llie</strong></span> <span class='ocrx_word' id='word_1_269' title='bbox 160 4159 374 4210; x_wconf 72' lang='lat' dir='ltr'><strong>Staataviareoaoh.</strong></span> <span class='ocrx_word' id='word_1_270' title='bbox 391 4161 423 4210; x_wconf 86' lang='lat' dir='ltr'><strong>im</strong></span> <span class='ocrx_word' id='word_1_271' title='bbox 436 4160 517 4209; x_wconf 81' lang='lat' dir='ltr'><strong>Lichte</strong></span> <span class='ocrx_word' id='word_1_272' title='bbox 529 4176 593 4209; x_wconf 84' lang='lat' dir='ltr'><strong>narr.</strong></span> <span class='ocrx_word' id='word_1_273' title='bbox 608 4160 953 4230; x_wconf 74' lang='lat' dir='ltr'><strong>Zeit,1.lY(Staateuknnale)</strong></span> <span class='ocrx_word' id='word_1_274' title='bbox 970 4180 994 4226; x_wconf 91' lang='lat' dir='ltr'><strong>p.</strong></span> <span class='ocrx_word' id='word_1_275' title='bbox 1007 4159 1066 4210; x_wconf 79' lang='lat'><strong>376.</strong></span> 
     </span>
    </p>
   </div>
   <div class='ocr_carea' id='block_1_6' title="bbox 0 0 1374 4740">
    <p class='ocr_par' dir='ltr' id='par_1_9' title="bbox 0 0 1374 4740">
     <span class='ocr_line' id='line_1_36' title="bbox 0 0 1374 4740; baseline 0 0"><span class='ocrx_word' id='word_1_276' title='bbox 0 0 1374 4740; x_wconf 95' lang='lat' dir='ltr'><strong> </strong></span> 
     </span>
    </p>
   </div>
  </div>
 </body>
</html>
