2738 4740
598 427 658 490 158

148 608 240 675 nostri
268 606 400 692 partium
432 604 619 670 enarratione
642 603 798 680 iacienda,
816 605 841 668 si
866 603 942 690 quid
961 626 1057 693 nuper
1075 604 1113 670 iis

148 722 301 808 peculiare
327 717 450 784 decreto
480 724 499 785 5
527 718 667 783 Octobris
692 717 880 803 propositum
906 720 1016 795 tuerit,
1040 719 1113 784 nni-

150 834 263 920 ouique
288 831 321 896 in
348 828 455 894 ordine
478 828 620 916 deinceps
648 851 848 915 opponamus.
899 832 1115 917 Quapropter,

151 922 249 1033 quum
272 942 306 1007 in
330 941 426 1009 hoece
447 942 508 1029 §P¹¹⁰
529 942 568 1007 de
592 942 734 1008 ordinum
756 942 842 1008 sociis
861 943 1015 1029 egerimus
1032 945 1116 1008 nni-

151 1079 254 1135 rerse,
278 1053 510 1122 memorandum
531 1056 598 1139 jam
631 1077 715 1120 nunc
743 1055 818 1133 erit,
850 1056 1050 1121 constitutum
1079 1078 1117 1120 ee

152 1169 275 1235 decreto
294 1170 401 1247 tuisse,
428 1178 463 1233 nt
487 1189 701 1254 quaecumque
722 1166 832 1252 placita
863 1166 902 1232 de
921 1167 1116 1233 comitiorum

155 1294 220 1346 tum
245 1280 463 1366 compositione
492 1291 559 1344 tum
585 1279 708 1364 juribus
731 1290 825 1365 atque
852 1279 956 1346 officiis
980 1280 1014 1344 in
1044 1281 1117 1348 V1¹²

154 1406 184 1459 et
211 1379 297 1463 ἮΙΙὶιι
322 1393 398 1480 legis
424 1393 567 1478 publicae
597 1393 712 1457 Titulos
741 1392 869 1456 tuissent
900 1393 1011 1469 relata,
1041 1391 1118 1458 baec

152 1508 294 1572 universe
308 1506 434 1593 quidem
458 1504 493 1570 in
515 1503 663 1570 Rhenano
679 1505 796 1570 circulo
814 1503 893 1569 baud
917 1528 1004 1571 secus
1024 1516 1119 1592 atque

154 1623 185 1685 io
208 1620 332 1705 reliquis
354 1618 516 1704 provinciis
540 1620 645 1704 rigere
668 1618 816 1683 deberent
837 1620 965 1707 regique
989 1619 1120 1704 proinde

88 1807 95 1820 Μ
154 1733 231 1796 salva
259 1740 399 1796 maneret
415 1731 541 1795 facultas
562 1730 789 1795 consiliatorum
810 1733 896 1818 regni
919 1754 953 1796 ex
972 1732 1025 1797 illa
1040 1753 1119 1819 quo·

96 1822 98 1826 ¹
155 1865 216 1928 qne
239 1841 368 1908 civitatis
392 1854 478 1928 purte
507 1842 732 1930 seligerrdorum
763 1843 857 1931 idque
886 1855 952 1910 tum
983 1846 1120 1911 collato-

156 1977 223 2021 rum
252 1955 285 2018 in
315 1975 379 2019 rern
408 1954 564 2040 publicam
589 1955 807 2022 beneficiorum
841 1967 906 2022 tum
930 1970 1120 2023 caeterarum

157 2089 259 2133 rerum
280 2067 391 2153 gratid,
417 2089 549 2154 quarum
577 2068 635 2133 sub
654 2069 712 2138 Tit.
731 2069 776 2138 Vl
795 2075 812 2158 §
833 2073 853 2134 2
878 2071 915 2135 Ν.
937 2075 957 2137 6
988 2071 1124 2136 mentio·

155 2202 227 2247 nem
251 2180 361 2245 lecum
388 2179 575 2246 inveniatur:
598 2202 706 2245 rerum
733 2181 814 2245 enim
840 2203 928 2262 sero,
954 2206 972 2248 a
994 2203 1123 2269 compo-

157 2292 250 2358 nendi
276 2304 380 2359 coetus
407 2293 530 2357 alterius
549 2290 666 2358 ¹ratione
688 2293 825 2379 ejusdem
844 2295 903 2360 Tit.
925 2299 942 2381 §
964 2297 982 2357 'l
1010 2316 1124 2379 propo-

157 2406 211 2468 sita
240 2415 364 2467 eatenus
400 2406 569 2469 necessario
604 2405 809 2471 recedendum
844 2408 938 2484 foret,
971 2418 1125 2492 quatenus

157 2535 300 2600 agrorum
330 2515 548 2598 possessoribus
570 2517 774 2600 patrimoniali
800 2518 954 2583 utentibus
978 2519 1125 2602 jurisdic-

57 2704 60 2711 1
159 2627 258 2701 tione,
290 2626 346 2713 qni
377 2627 493 2691 scilicet
521 2626 632 2692 oirium
660 2631 735 2694 ordo
767 2632 799 2694 in
830 2630 979 2696 Rhenum
1004 2631 1127 2697 circulo

158 2739 286 2805 minime
309 2738 439 2824 amplius
468 2739 670 2825 reperiretur,
706 2754 825 2809 certum
851 2744 895 2808 ibi
918 2745 969 2830 jus
997 2745 1125 2810 attribui

158 2852 286 2917 minime
313 2862 430 2937 posset,
453 2850 579 2916 istorum
610 2864 712 2918 autem
733 2853 904 2932 deiectum,
927 2867 1052 2941 propter
1070 2857 1126 2922 ad·

159 2967 307 3053 signatam
339 2964 386 3028 illi
423 2965 539 3031 circulo
572 2978 655 3032 certa
680 2968 881 3053 proportionis
903 2970 972 3056 lege
1002 2968 1128 3056 delege-

159 3089 261 3142 torum
280 3077 524 3155 multitudinem,
547 3078 656 3163 mnjori
675 3080 799 3145 coeteris
827 3081 972 3145 classibus
997 3081 1128 3165 permit·

161 3188 251 3254 tenda
267 3188 439 3274 frequentiis
458 3190 592 3274 suppleri
616 3190 740 3255 omnino
761 3202 923 3277 oporteret.
955 3194 1128 3275 Praeterea,

161 3325 267 3369 eorum
281 3312 430 3387 ¹respectu
459 3302 735 3380 mandatariorum,
759 3306 813 3391 qui
836 3307 959 3370 urbium
981 3306 1130 3371 assimila-

162 3427 325 3501 torumqne
345 3414 473 3479 urbibus
495 3437 645 3502 pagorum
670 3419 795 3482 nomine
814 3419 934 3482 venturi
954 3429 1070 3498 essent,
1094 3431 1132 3484 ut

162 3530 290 3596 decreta·
306 3528 345 3593 de
373 3527 409 3590 iis
429 3538 500 3590 >tum
521 3526 583 3612 ipsa
610 3528 678 3614 lege
700 3529 823 3613 publica
850 3542 916 3595 tum
940 3533 981 3595 Χ·
999 3531 1038 3595 ad
1061 3554 1131 3596 eam

162 3640 330 3728 appendice
358 3639 471 3728 (edicto
498 3638 537 3704 de
573 3641 744 3727 legatorum
774 3641 939 3730 conventu)
979 3642 1134 3709 ordinatio

163 3755 238 3840 legis
261 3753 396 3838 rigorem
426 3753 459 3817 in
479 3751 626 3818 Rhenanu
645 3755 800 3839 provinciis
821 3755 936 3840 optimo
962 3777 1033 3820 anne
1054 3769 1135 3822 esset

159 3868 231 3952 jure
265 3877 484 3950 consecutura,
517 3867 543 3930 si
564 3867 711 3952 quidem,
741 3878 810 3931 utut
839 3869 988 3956 integram
1017 3873 1134 3936 serrari

164 3976 316 4065 oporteret
326 3980 444 4063 jurium
468 3979 647 4063 rituumque
668 3980 750 4046 eirca
768 3981 929 4046 conciones
945 3981 978 4047 in
1003 3984 1136 4049 urbibus

166 4090 379 4176 ruralibusque
406 4090 676 4157 communitatibus
699 4092 965 4178 aequabilitatem,
984 4092 1072 4161 hisce
1090 4108 1138 4163 ta-
