2738 4740
573 441 634 505 162

123 639 238 713 partem
258 636 438 692 cunctorum
454 636 559 691 coetus
576 625 698 690 alterius
715 624 878 706 sociorum,
898 624 989 708 cnjus
1007 625 1094 690 scili·

123 738 388 828 cetdcsignandnc
403 738 455 822 jus
469 739 515 802 illi
530 738 731 823 competitio
747 738 834 802 variis
843 737 1009 823 provinciis
1027 740 1096 803 sire

123 854 246 920 circulis
254 849 614 940 (Regicrungsberirlren)
622 850 817 916 distributum
827 851 865 913 iri
878 872 934 936 pro
949 873 1095 930 numero,

123 983 216 1054 quem
236 966 375 1053 singulae
389 964 582 1040 contineant,
605 963 754 1048 ejusmodi
770 985 974 1050 possessorum
990 964 1014 1031 ¹.

167 1083 208 1146 ll.
231 1080 423 1146 Academiae.
452 1079 512 1142 Pro
530 1078 638 1142 harum
657 1079 738 1144 circa
758 1079 873 1164 legatos
891 1077 1095 1144 nominandos

122 1193 267 1260 facultate
290 1193 454 1258 remittitur
472 1191 510 1255 ad
530 1190 607 1278 legis
624 1191 766 1275 publicae
785 1191 844 1256 Tit.
865 1191 909 1258 vt
930 1195 947 1278 §
964 1195 984 1256 9
1002 1190 1028 1255 ².

166 1307 222 1372 Ill.
246 1305 407 1371 Pontificii.
446 1302 560 1369 Octava
579 1325 647 1388 pars
666 1301 740 1367 huic
765 1303 877 1388 pariter
895 1302 982 1368 classi
1001 1305 1096 1368 attri-

122 1419 197 1484 buta
222 1417 303 1482 inter
326 1416 494 1482 Catholioos
517 1438 555 1481 ac
580 1417 783 1480 Protestantes
804 1416 848 1479 sic
868 1413 1033 1492 dividitur,
1057 1426 1096 1479 nt

123 1551 180 1617 pro
208 1551 337 1595 numero
363 1529 619 1616 presbyteriorum
647 1527 826 1616 (Plarrcicn)
858 1549 937 1612 quae
967 1529 1096 1613 utrique

123 1641 233 1706 harum
262 1652 414 1706 sectarum
443 1640 580 1725 subjecta
606 1650 695 1718 sunt,
724 1639 769 1703 illi
799 1638 873 1704 duas
903 1640 1027 1718 tertias,
1061 1639 1095 1704 lri
1124 1724 1130 1734 .

126 1753 244 1820 tertiam
268 1752 494 1838 pontificiorum
524 1754 694 1839 legatorum
721 1754 892 1839 portionem
912 1754 1096 1820 incoctum

124 1869 256 1931 alterum
273 1865 420 1952 seligendi
441 1867 617 1930 facultatem
637 1877 807 1931 exerceant.
849 1867 989 1948 Quorum
1009 1869 1096 1957 lega-

125 1991 227 2043 torum
248 1999 304 2064 per
327 1976 478 2044 districtus
499 1978 635 2064 singulos
659 1977 833 2044 distributio
856 1979 939 2064 apud
962 1980 1031 2045 illos
1055 1981 1095 2046 ad

125 2093 246 2157 numeri
266 2091 535 2179 presbyteriorum,
558 2090 640 2176 apud
661 2090 716 2156 hos
737 2091 775 2156 ad
795 2090 1001 2159 decanatuum
1022 2093 1099 2158 uni-

124 2208 286 2274 versalium
328 2203 654 2295 (General·Dccanatc)
693 2206 904 2291 amplitudinis
943 2208 1097 2275 rationem

125 2322 283 2409 peragitur
303 2318 327 2385 ³.

69 2595 70 2598 ,
126 2548 160 2601 26
168 2550 224 2614 1ιῇ
234 2546 310 2611 1818,
321 2548 386 2614 tlt)
395 2548 485 2598 nnbitn
494 2558 566 2612 etque
573 2549 726 2612 exercitione,
735 2550 783 2598 elio
793 2550 895 2614 ejusden
907 2550 953 2600 diei
962 2551 1041 2602 edicto
1048 2554 1100 2603 eive

127 2642 254 2709 appendice
270 2642 300 2690 ed
317 2642 391 2706 legent
403 2641 744 2709 publicnnll·(som1.ztno,
760 2644 786 2692 l.
796 2644 816 2699 l,
827 2644 840 2710 ᾗ
851 2642 909 2706 100,
920 2663 944 2708 p.
959 2642 1021 2708 255,
1033 2650 1099 2713 sqq.)

125 2738 250 2803 diligentes
265 2737 382 2800 provisum
397 2746 442 2786 est.
477 2736 542 2785 Unde
556 2736 586 2785 ed
600 2738 676 2786 noetri
697 2738 883 2787 illnetrntionern
899 2743 1030 2802 ergnrnenti
1052 2742 1100 2791 lroc

124 2832 236 2897 inprimis
255 2830 404 2880 memorabile
419 2831 538 2893 discinde,
549 2846 629 2879 eorum
645 2839 738 2879 tentum
748 2848 855 2894 agrorum
865 2833 986 2882 nobilibus
996 2833 1101 2884 dominis

122 2926 311 2990 jurisdictionem
335 2924 456 2988 obtigisse,
476 2941 577 2986 quornm
594 2939 646 2971 cnsn
666 2925 814 2986 portentione
832 2926 915 2975 similie
930 2927 1033 2975 lscnltee
1048 2931 1099 2992 jun

127 3036 189 3070 enno
207 3017 274 3068 1806
292 3021 418 3083 conjuncte
431 3018 524 3067 lnieeet.
547 3017 629 3082 (Edict.
647 3017 661 3083 ᾗ
676 3015 728 3083 27).
747 3019 859 3066 Notnrnue
875 3021 953 3082 etiarn,
970 3020 1101 3085 privilegii,

126 3114 156 3162 de
171 3130 219 3176 quo
233 3114 330 3176 egimus,
347 3112 405 3160 dues
418 3113 444 3161 in
455 3113 556 3160 Bernrit
565 3112 654 3175 species
670 3111 761 3176 heberi,
772 3115 852 3176 pronti
864 3115 925 3162 illud
940 3116 990 3164 sire
1005 3117 1101 3166 latioris

112 3245 114 3252 .
128 3208 229 3258 subitus
241 3209 439 3272 jurisdictionem,
461 3208 527 3271 qusli
542 3216 566 3256 et
582 3208 670 3257 rurnlin
687 3208 819 3271 funguntur
835 3208 964 3257 tribunalis
981 3210 1103 3275 (Lendge-

127 3301 212 3369 riohtc)
224 3302 273 3349 sire
288 3302 389 3349 minoren
406 3308 497 3348 tentum
512 3316 540 3347 eo
556 3300 705 3362 quotidianus
720 3301 790 3350 iatine
806 3301 874 3350 officii
887 3311 965 3364 pertes
980 3303 1103 3365 complec-

128 3402 206 3442 tatur:
222 3393 267 3440 ille
282 3401 359 3439 nutem
373 3391 512 3451 tribunalis,
524 3391 670 3454 toperclrnlie
685 3392 964 3460 (llerrschsltsgerichtelt
978 3392 1047 3454 lssec,
1058 3411 1103 3456 pn-

127 3486 271 3535 trirnonislis
296 3481 572 3552 ll'ntrirnoninlgericltte)
594 3486 690 3533 erotiori
713 3502 784 3534 senen
809 3486 941 3548 nuncupari
967 3486 1054 3536 solere.
1074 3487 1099 3534 l.

128 3579 203 3629 Edict.
218 3579 258 3627 cit.
274 3578 367 3641 possin.

164 3672 172 3703 ¹
191 3671 266 3720 Edict.
282 3670 312 3718 de
327 3678 437 3718 convent.
453 3669 530 3720 ordin.
548 3669 566 3717 l.
584 3685 606 3717 o.
623 3668 674 3735 tt.

162 3763 252 3813 ¹llrid.
269 3764 289 3813 l.
305 3778 326 3811 o.
343 3763 358 3829 ᾗ
376 3765 400 3811 l.

164 3856 175 3889 ¹
192 3858 253 3906 lhid.
269 3857 287 3904 l.
304 3874 325 3905 c.
342 3860 355 3924 ᾗ
370 3857 395 3906 5.
429 3857 491 3906 lleec
510 3873 557 3919 qno
574 3855 658 3905 melius
676 3855 855 3919 intelligentur,
874 3855 903 3903 dc
924 3852 1062 3903 conditione
1078 3864 1103 3904 et

129 3952 241 4014 regimine
258 3950 377 3998 nrnbsrmn
398 3951 423 3997 in
441 3950 539 3998 llererit
557 3949 702 3998 Clrrietisnse
719 3949 775 3997 fidei
794 3950 945 3997 ecclesiarum
970 3947 1102 4013 (conmuni

130 4045 191 4091 eninr
207 4043 308 4091 subeunt
326 4041 478 4091 moderemini
495 4042 623 4091 Lntltereni
634 4050 704 4105 atque
716 4042 855 4108 llelorrnnti)
865 4040 978 4104 queednrn
993 4040 1102 4091 breviter

130 4133 265 4184 annotanda
283 4132 400 4184 ridentur.
414 4134 525 4197 Primum,
543 4134 607 4197 qnod
622 4151 670 4183 renr
688 4151 775 4184 sacrm
793 4143 882 4198 spectet
898 4133 1017 4196 universe,
1034 4133 1099 4184 sicut
