2738 4740
570 453 632 516 ‘tet

157 638 199 703 11.
222 637 344 723 Legati,
374 657 452 722 quos
482 637 562 701 cives
590 637 715 700 mittunt
737 637 870 714 urbium,
893 637 1006 723 quibus
1031 638 1083 722 jus

114 747 193 812 istud
213 768 389 813 concessum
417 759 479 824 est,
501 768 605 833 neque
630 769 713 826 non,
735 749 789 833 qui
812 747 999 813 baliratuum
1024 770 1083 813 no·

114 861 197 925 mine
217 861 388 927 incolarum
408 860 656 935 constituuntur,
676 861 772 925 abiis
794 859 911 925 oiribus
932 861 1082 947 designari

111 973 277 1056 jubentur,
312 973 367 1057 qui
402 972 549 1057 majorem
576 972 702 1037 caeteris
729 993 882 1037 summam
910 972 944 1036 in
972 974 1083 1037 tributa

115 1086 254 1149 conferre
276 1084 392 1149 soleant
406 1083 430 1150 ¹.

157 1198 194 1260 ln
219 1197 325 1282 quasis
349 1206 453 1260 autem
482 1196 698 1262 communione
728 1197 856 1282 septima
881 1196 994 1262 civium
1016 1218 1084 1282 pars

112 1307 182 1392 jure
196 1307 250 1371 illo
267 1306 400 1393 eligendi
419 1306 545 1385 fruitur,
562 1307 604 1372 ita
619 1319 668 1385 ut,
685 1308 710 1372 si
725 1330 755 1374 r.
772 1329 800 1374 c.
817 1318 943 1373 centum
962 1320 992 1373 et
1006 1329 1085 1395 qua·

114 1419 254 1506 draginta
284 1419 382 1484 adsint
409 1419 490 1484 cives
512 1419 600 1507 (quot
622 1422 819 1506 reperiuntur
836 1422 917 1500 lere,
938 1422 993 1487 ubi
1015 1443 1084 1508 sep·

115 1532 247 1618 tingenti
267 1532 384 1619 degunt
407 1531 538 1617 incolae)
564 1533 672 1619 viginti
692 1531 863 1598 habeantur
886 1534 1019 1621 eligendi
1038 1535 1084 1600 la·

114 1645 228 1710 cultate
246 1643 386 1708 instructi
400 1643 425 1710 ².
448 1645 624 1709 Electorum
643 1656 745 1710 autern
767 1644 847 1711 duae
867 1649 974 1712 tertiae
986 1657 1085 1732 partes

114 1759 150 1821 iis
165 1768 304 1823 constant
325 1757 451 1834 civibus,
471 1759 536 1845 qui,
556 1781 611 1844 per
626 1781 742 1823 annum
762 1760 909 1844 elapsum,
932 1760 1084 1823 bonorum

116 1885 273 1957 respectu,
296 1885 450 1960 quaeant
474 1873 601 1938 dominii
623 1884 676 1938 aut
706 1874 895 1939 ususfructus
919 1873 992 1957 jure
1013 1894 1086 1959 pos·

115 1983 228 2062 rident,
245 1986 415 2071 plurimum
429 1987 463 2050 in
486 1986 599 2050 tributa
613 1986 676 2062 illa,
696 2007 778 2071 quae
795 1985 911 2051 directa
926 1997 1084 2063 vocantur,

115 2098 313 2163 contulerint.
347 2099 397 2173 lli,
418 2109 584 2184 antequam
602 2097 641 2161 ad
660 2098 842 2162 electionem
865 2098 1085 2163 transcundum

115 2221 176 2287 est,
193 2211 336 2296 inspectis
356 2211 541 2275 tributorum
561 2209 689 2287 tabulis,
708 2211 852 2275 electores
872 2211 1086 2275 renuntiantur

114 2346 132 2388 a
152 2324 212 2389 loci
233 2323 386 2408 praeside,
407 2322 528 2386 adscitis
547 2322 733 2386 tributorum
751 2335 945 2410 perceptore,
964 2324 1084 2410 inspec-

115 2448 182 2502 tore
203 2458 239 2501 ac
261 2447 382 2502 senatus
405 2436 600 2522 municipalis
625 2435 810 2523 graphiario,
830 2449 893 2516 aut,
913 2439 1027 2525 quibus
1051 2440 1085 2503 in

115 2549 189 2615 locis
214 2570 343 2614 munera
364 2550 419 2615 ista
448 2550 487 2615 ab
505 2550 570 2634 ipso
587 2550 725 2635 praeside
747 2560 916 2638 geruntur,
942 2552 1087 2636 prir'nario

116 2663 341 2729 communitatis
361 2674 500 2727 senatore
519 2661 543 2729 ³.
581 2663 669 2744 Quae
690 2673 781 2727 restat
801 2663 888 2728 tertia
919 2664 1086 2728 electorum

115 2797 203 2860 pars,
229 2797 247 2838 e
271 2775 396 2840 caeteris
417 2775 550 2838 sumitur
571 2774 678 2839 tributi
696 2795 790 2838 onere
810 2774 940 2861 gravatis
958 2775 1087 2850 civibus,

116 2889 196 2953 duce
213 2888 350 2973 praeside
373 2888 588 2973 adjunctisque
606 2888 657 2963 iis,
680 2908 757 2972 quos
781 2908 873 2971 supra
900 2886 1088 2950 memorari·

116 3022 186 3066 mus
214 3020 349 3086 eumque
373 3001 407 3064 in
430 2999 557 3064 modurn
580 2998 736 3086 designari
752 2999 891 3083 jubetur,
913 3010 963 3076 ut,
986 2997 1087 3063 distri-

117 3112 244 3177 butione
262 3112 350 3188 lacta,
371 3113 496 3199 singuli,
515 3113 581 3178 rice
599 3135 663 3190 sua,
681 3112 719 3178 ad
738 3111 881 3199 suffragia
896 3110 1019 3177 ferenda
1034 3110 1089 3175 ad·

117 3226 277 3289 mittantur
290 3225 314 3290 ⁴.
337 3226 510 3289 Electorum
524 3224 753 3312 designatorum
772 3210 896 3290 nomina
911 3245 1012 3311 neque
1026 3243 1088 3286 noo

117 3357 245 3413 eorum,
262 3338 317 3424 qui
341 3348 422 3402 tanta
444 3348 642 3414 censeantur,
664 3335 748 3423 quod
770 3337 807 3402 ad
822 3337 1016 3403 collationem
1031 3335 1089 3398 tri-

117 3450 276 3529 butorum,
300 3452 450 3536 pecunie,
472 3461 507 3515 ut
529 3451 594 3536 pari
611 3452 752 3516 lruantur
772 3472 845 3516 curn
871 3450 930 3513 illis
955 3447 1088 3535 eligendi

117 3563 277 3640 facultate,
299 3562 423 3647 publice
446 3562 478 3626 in
503 3564 722 3628 communitate
742 3561 985 3628 inscribuntur⁵.

162 3674 250 3756 Quae
268 3686 370 3740 autern
389 3674 504 3761 requiri
521 3675 774 3762 supradiximus,
791 3685 830 3746 ,ut
849 3675 939 3760 possit
959 3672 1027 3758 quis
1043 3671 1089 3736 ci-

116 3787 200 3850 sium
222 3786 314 3871 legati
329 3808 457 3851 munere
474 3787 624 3864 decorari,
647 3787 752 3853 eadem
765 3807 890 3873 quoque
901 3787 933 3849 in
952 3784 1089 3849 electoris

155 4052 352 4119 vibrantes.
486 4050 682 4119 erasinus.
828 4048 1023 4117 ³1tid.§139.

154 4144 242 4193 ιιιιι.
260 4145 273 4210 p
293 4144 350 4194 no.
482 4144 492 4177 ¹
517 4145 577 4193 ιιιι.
596 4145 609 4211 p
628 4142 685 4192 ru.
