2738 4740
608 461 673 524 286

48 695 54 705 .
158 653 281 719 luatur,
306 644 362 729 qui
382 644 468 708 XXX
496 645 583 709 annis
610 644 670 708 sint
694 644 822 728 majoros
834 643 859 709 ¹.
890 643 974 708 llaec
994 642 1140 731 deniqne

157 755 297 820 universe
313 757 524 842 requiruntur,
535 766 570 820 ut
587 754 744 820 ordinibus
755 774 849 843 quem
869 753 1003 820 adscribi
1024 756 1137 822 liceat:

158 866 185 954 l)
203 887 244 931 no
259 867 292 930 in
310 866 439 932 colendo
458 867 522 932 lleo
537 869 628 933 aliam
649 877 743 954 atqua
759 886 852 932 unam
862 866 904 932 de
912 867 1015 931 tribus
1029 867 1136 932 Chris·

159 983 311 1047 tiauorum
328 979 467 1045 lormulis
484 981 640 1066 amplexus
659 981 752 1045 luerit
772 992 870 1067 utque
880 981 1005 1066 juribus
1026 991 1137 1046 utatur

159 1095 234 1160 ciris
252 1093 570 1180 wurtembergensis3
592 1091 634 1179 11)
654 1114 694 1158 ne
708 1094 885 1180 quaestione
904 1103 1047 1158 teneatur
1071 1093 1134 1159 ori-

160 1206 276 1282 minali‚
299 1226 376 1270 uera
402 1205 551 1270 sententia
569 1205 682 1291 judicis
708 1206 772 1271 sire
797 1204 834 1271 ad
863 1227 977 1270 munus
1004 1204 1133 1292 aliquod

159 1319 320 1406 publicum
344 1316 550 1384 abdicandum
572 1319 635 1384 sire
655 1318 694 1384 ad
716 1318 844 1385 carueris
861 1339 993 1404 poenam
1013 1319 1045 1382 iu
1064 1319 1135 1382 looo

160 1433 265 1520 aliquo
294 1432 415 1496 munito
443 1431 651 1508 subeundam,
681 1430 826 1516 adjuncta
851 1452 1015 1517 operarum
1037 1431 1135 1494 aliare

160 1545 250 1612 simili
277 1545 396 1631 poeni,
425 1542 488 1609 sive
507 1544 643 1631 deniquo
662 1544 700 1608 ad
730 1544 931 1609 reclusionem
968 1543 1133 1607 damnatus

159 1659 264 1735 luerit,
284 1677 360 1722 nere
379 1668 534 1743 praeterea
552 1656 683 1722 crimine
703 1677 822 1743 pressus
843 1655 937 1719 fuerit
956 1655 1133 1741 qualicum-

161 1790 240 1856 que,
256 1769 313 1833 nisi
324 1789 446 1852 prorsus
464 1790 500 1833 eo
514 1769 552 1832 sit
566 1768 710 1853 deinceps
722 1769 883 1848 liberatus;
904 1769 959 1845 111.
970 1789 1011 1831 ne
1023 1768 1134 1853 petitus

161 1881 230 1967 quis
247 1881 284 1943 sit
295 1879 464 1963 judiciario
477 1878 516 1944 do
532 1882 594 1944 suis
604 1881 692 1944 bonis
702 1901 865 1950 concursu.
877 1901 959 1966 quae
969 1878 1134 1966 prohibitio

160 2014 201 2058 ne
215 2003 281 2056 tom
291 1990 416 2077 quidam
434 1991 585 2056 evanescit
602 1990 657 2055 ubi
673 1992 853 2057 exstinctum
867 1992 961 2055 luerit
967 1993 1134 2075 judicium,

161 2105 280 2192 quoties
298 2103 414 2169 scilicet
435 2103 475 2167 ob
497 2103 691 2189 dilapidatam
713 2124 778 2168 rem
798 2103 980 2167 familiarem
1004 2125 1135 2189 poenam

162 2228 303 2304 expertus
318 2217 366 2282 sit.
400 2215 462 2297 Qui
478 2235 550 2280 rero
562 2214 762 2281 haereditario
773 2215 846 2300 jure
859 2214 892 2280 in
911 2215 1048 2300 priorem
1064 2239 1134 2282 coe·

161 2342 228 2395 tum
262 2339 334 2393 sunt
363 2327 502 2406 admissi,
533 2329 660 2393 minime
684 2337 810 2414 possunt
829 2330 979 2393 sententii
999 2331 1136 2395 virorum

160 2442 224 2507 aeri
245 2442 338 2506 alieni
352 2442 538 2507 moderando
560 2444 796 2508 constitutorum
820 2443 965 2530 suffragio
987 2466 1045 2510 suo
1076 2446 1137 2531 pri·

161 2554 242 2631 vari,
275 2553 316 2631 si,
344 2573 425 2638 quae
451 2555 529 2620 salra
559 2555 596 2619 iis
624 2556 771 2621 manserit
802 2557 956 2642 pecunia,
983 2555 1060 2623 haro
1091 2559 1137 2622 bis

162 2667 248 2732 mille
264 2666 303 2732 ad
325 2668 488 2734 minimum
498 2669 619 2735 florenis
631 2670 817 2736 aestimetur.
838 2666 894 2755 IV)
911 2672 958 2735 Ne
973 2671 1071 2736 subsit
1085 2684 1138 2737 aut

163 2780 277 2866 patriae
292 2783 430 2866 potestati
447 2791 500 2846 aut
520 2782 644 2858 tutelae,
664 2802 742 2847 nere
754 2782 903 2868 peculiari
923 2783 1015 2848 alicui
1038 2784 1139 2848 officio

164 2891 349 2976 perficiendo
367 2893 513 2958 obnoxius
535 2891 685 2959 habeatur
694 2892 718 2960 ².

609 3071 630 3154 5
653 3075 684 3138 2.

384 3206 434 3273 De
455 3211 583 3273 ratione
605 3208 733 3298 legatos
754 3208 909 3298 eligendi.

210 3344 236 3408 1.
258 3342 417 3408 Trsdeoim
442 3343 517 3410 socii
541 3365 578 3408 ex
604 3342 713 3408 ordine
737 3345 891 3432 equitatus
918 3345 1009 3411 alteri
1039 3350 1142 3413 coetui

167 3454 310 3541 adscripti
332 3476 351 3519 a
373 3454 504 3520 dominis
521 3476 666 3542 agrorum
683 3457 716 3521 in
737 3457 855 3522 tabulas
875 3457 1044 3523 relatorum
1071 3460 1142 3550 (rm-

169 3564 402 3656 matrioulirtsn)
420 3578 475 3633 aut
499 3568 651 3633 bonorum
672 3569 823 3637 nobilium
847 3571 880 3636 in
901 3577 1038 3659 quatuor
1055 3574 1143 3661 regni

170 3684 293 3751 circulis
319 3682 534 3770 participibus,'
546 3683 745 3750 circularibus
764 3684 797 3750 in
811 3685 940 3751 urbibus
963 3708 1037 3752 vero
1061 3709 1144 3774 pro-

171 3795 323 3880 vincialis,
344 3796 488 3882 praesidis
509 3794 661 3880 adjunctis
683 3795 803 3862 duobus
828 3819 864 3862 ex
889 3799 1030 3887 equitnm
1047 3801 1144 3864 classe

172 3910 325 3975 nobilibus
344 3908 514 3996 seliguntur
525 3907 547 3975 ³.

210 4134 408 4202 *turpise
425 4136 457 4184 n.
475 4133 500 4186 2.
552 4098 554 4102 ’
622 4133 818 4200 'molan
940 4135 1143 4206 muamus.
