2738 4740
705 450 747 513 20

247 640 372 716 sissent,
404 636 479 700 baec
502 635 553 710 iis,
585 645 638 696 aut
667 653 737 696 cum
768 653 800 694 re
832 630 955 715 publica
976 629 1118 715 princeps
1141 631 1225 716 poti·

248 761 351 827 retur,
373 728 498 813 aut-alia
512 745 640 810 solemni
655 743 899 828 opportunitate,
923 740 1035 805 diserte
1056 741 1227 807 confirma-

249 872 370 927 rentur:
395 859 479 924 noris
499 880 570 922 vero
590 853 759 920 tribuendis
776 853 927 937 ejusmodi
952 854 1084 919 subinde
1102 877 1120 919 a
1137 856 1226 940 prin-

249 973 367 1058 cipibus
392 972 555 1038 ederentur
571 969 713 1044 decreta,
737 989 834 1053 quae,
862 968 925 1031 sire
950 949 1103 1031 Reversus
1128 967 1139 1011 ¹
1163 967 1229 1031 sire

248 1084 424 1172 Pririlegii²
446 1083 597 1149 celebrata
617 1080 834 1168 appellatione,
851 1079 968 1143 nullius
985 1101 1044 1144 nec
1064 1080 1139 1145 belli
1161 1102 1229 1145 sus·

249 1197 382 1283 cipiendi
403 1217 506 1283 neque
527 1194 681 1260 ineundae
711 1192 874 1279 pactionis,
897 1191 1081 1256 inconsultis
1107 1192 1228 1257 inritis·

249 1331 311 1397 que
333 1309 506 1386 ordinibus,
530 1307 760 1393 promissionem
784 1327 873 1390 saepe
887 1304 1083 1370 continerent
1105 1303 1129 1369 ³.

292 1422 443 1488 Ordinum
469 1419 621 1485 societatis
642 1418 715 1483 lieet
739 1440 775 1482 ea
801 1417 989 1504 plerumque
1019 1417 1095 1482 ratio
1116 1417 1229 1497 luerit,

248 1545 283 1599 ut
302 1534 474 1620 praecipuis
490 1532 529 1596 de
542 1532 640 1596 salute
652 1529 776 1616 publici
791 1532 1064 1596 consultationibus
1078 1531 1231 1596 obeundis

248 1648 346 1712 trinae
377 1644 435 1710 bae
466 1645 581 1710 cisium
611 1644 740 1721 classes,
774 1644 919 1721 Praelati‚
953 1644 1097 1730 Equites,
1131 1647 1232 1711 Urbes

248 1757 406 1823 admoveri
434 1780 452 1821 a
481 1755 672 1841 principibus
703 1756 855 1819 solerent:
888 1767 1042 1844 quotquot
1064 1769 1172 1823 autem
1190 1758 1231 1823 ad

251 1870 361 1935 barum
391 1869 509 1934 nullam
539 1867 745 1954 pertinerent,
779 1869 898 1933 etiamsi
921 1873 1105 1935 sententiam
1130 1872 1230 1958 rogati

249 1983 378 2048 minime
391 1983 530 2060 luissent,
546 1980 675 2046 decretis
689 1991 792 2045 tamen
803 1982 874 2059 illis,
888 1983 1001 2069 quibus
1013 1983 1232 2048 auctoritatem

250 2117 335 2162 suam
355 2094 492 2160 advocati
513 2092 633 2158 ordines
649 2093 913 2179 interposuissent,
935 2093 1017 2159 baud
1034 2118 1122 2161 secus
1137 2107 1233 2183 atque

252 2209 299 2273 illi
335 2219 532 2274 censerentur
566 2206 713 2294 obligari:
747 2207 881 2272 liberum
908 2206 1007 2273 nihilo
1036 2210 1140 2273 minus
1166 2231 1234 2274 ma·

252 2343 328 2386 nere
341 2321 447 2386 debuit
460 2319 661 2405 principibus,
675 2330 721 2396 ut,
736 2319 987 2408 quandocunque
1003 2322 1061 2387 sibi
1076 2324 1234 2389 videretur

254 2429 416 2514 expedire,
437 2429 554 2495 consuli
580 2429 676 2493 solitis
705 2430 862 2494 ordinibus
891 2431 964 2496 alias
995 2434 1089 2497 etiam
1121 2435 1233 2500 classes

254 2541 417 2607 bominum
441 2540 635 2607 adsociandas
656 2541 757 2628 adque
776 2543 923 2607 similium
943 2566 1029 2630 spem
1048 2545 1170 2630 jurium
1195 2569 1233 2612 ae

255 2653 406 2718 bonomm
435 2652 642 2741 provehendas
672 2666 816 2719 curarent
842 2655 866 2721 ².
914 2656 1003 2722 Unde
1029 2658 1148 2723 lactum
1178 2671 1233 2738 ut,

254 2787 353 2853 quum
383 2765 659 2831 manumissionum
689 2768 728 2832 ab
750 2767 877 2853 antiquo
899 2767 971 2834 inde
998 2780 1138 2857 tempore
1168 2774 1236 2838 sre-

255 2878 395 2964 quentid,
418 2889 482 2942 tum
499 2877 565 2942 aliis
587 2877 684 2944 causis
703 2878 782 2943 bone
800 2880 916 2957 multis,
938 2902 1014 2967 quas
1032 2884 1163 2971 longum
1181 2885 1235 2952 bio

255 2993 334 3056 foret
352 3012 532 3057 enumerare
554 2990 579 3067 ⁵,
601 2989 729 3055 minime
747 2991 949 3078 spernendam
967 2995 1178 3062 conditionem
1201 3000 1235 3063 in

256 3103 343 3169 variis
362 3103 543 3171 Germaniae
565 3103 737 3169 civitatibus
756 3103 844 3169 liberi
862 3104 1002 3172 homines
1023 3110 1130 3176 mstici
1152 3112 1237 3177 ohti-

258 3214 411 3292 nuissent,
443 3212 523 3279 baud
544 3237 611 3280 raro
637 3215 727 3280 laoile
749 3215 784 3280 iis
814 3217 976 3306 contigerit
998 3231 1048 3298 ut,
1072 3235 1126 3287 aut
1147 3225 1238 3309 prin-

261 3393 470 3405 ——..—.

299 3497 309 3537 ¹
328 3501 460 3561 Ermum,
479 3500 497 3548 l.
514 3501 532 3549 l.
549 3499 608 3549 ibid.
625 3500 677 3549 init.
696 3501 753 3550 coll.
770 3509 909 3567 mumius,
926 3506 1032 3570 Beitrtgs
1049 3525 1092 3556 sur
1105 3509 1239 3560 Ksantniss

261 3592 304 3641 der
320 3591 446 3641 Karsiebs.
461 3590 770 3656 Laudesrerssnmlungen,
790 3595 817 3642 l.
836 3597 869 3658 ΙΙ,
888 3615 910 3660 p.
926 3596 975 3661 bl,
993 3617 1047 3663 sqq.

295 3681 460 3745 2Esurierant,
478 3683 538 3734 ibid.
554 3686 611 3735 coll.
628 3699 752 3749 mantea,
770 3687 909 3737 (lembiebte
926 3690 968 3741 des
984 3694 1119 3744 Ftnsentlr.
1138 3697 1241 3748 llsnno-

263 3794 322 3839 νει,
339 3775 365 3823 l.
384 3777 411 3835 l,
429 3778 455 3825 in
469 3778 575 3841 Append.
592 3781 628 3827 tt⁰.
649 3778 680 3843 3,
698 3797 749 3844 sqq.

296 3866 311 3909 ³
327 3870 460 3931 Ermum,
476 3870 533 3919 itit.
553 3878 633 3935 asmo,
650 3871 669 3920 l.
686 3872 705 3920 l.
723 3890 746 3935 p.
760 3869 819 3930 8833
836 3886 969 3940 noueram,
985 3876 1005 3925 t.
1016 3876 1034 3925 l.
1053 3895 1068 3941 p
1093 3876 1137 3942 72,
1153 3897 1208 3943 sqq.

298 3961 313 3998 ⁴
331 3960 460 4025 Braurona,
477 3961 504 4010 l.
517 3962 571 4024 ttt,
589 3962 603 4030 ς
620 3960 686 4025 tto,
707 3981 729 4027 p.
750 3960 810 4012 236.

298 4051 461 4116 ⁵E1nnoas,
479 4054 507 4101 t.
533 4055 584 4117 tlt,
609 4055 638 4122 §p
654 4053 714 4118 337,
731 4052 799 4118 342,
824 4053 888 4120 343,
909 4055 973 4124 368,
998 4061 1029 4109 tv
1045 4063 1058 4126 p
1073 4059 1138 4119 tt&
1163 4068 1243 4113 ntra.

261 4160 342 4208 ltttt,
359 4145 442 4196 teret
463 4147 504 4196 des
519 4147 648 4213 Urspmngs
665 4148 706 4198 der
723 4146 827 4210 Stinde,
845 4167 868 4212 p.
883 4148 951 4214 460,
971 4169 1022 4215 sqq.
