2738 4740
660 424 723 488 160

202 608 321 673 nonnisi
334 608 453 673 indulta
470 608 511 674 ab
529 629 602 693 rege
616 609 705 673 renisi
722 607 872 692 suscipere
891 626 990 690 posse,
1009 604 1169 671 dmm

200 721 383 786 invenimus.
404 720 552 784 Similiter
572 742 634 797 eos,
649 720 762 806 quibus
782 738 926 805 agrorum
944 715 1068 783 domini
1086 740 1169 784 oom-

199 833 369 918 petentium
388 834 444 898 sibi
465 832 524 898 hoc
542 834 634 897 titulo
649 835 768 918 jurium
788 841 905 916 partem
924 829 1066 916 aliquam
1086 851 1167 894 eaer-

200 946 328 1011 cendsm
358 945 586 1023 mandaverint,
622 946 746 1010 illorum
777 947 954 1031 impetrasse
986 964 1167 1008 oonsmsnm

200 1080 321 1125 necesse
343 1071 404 1138 est,
427 1060 452 1122 si
471 1059 570 1124 oblata
594 1060 650 1123 sibi
676 1070 783 1124 coetus
805 1054 927 1122 alterius
944 1055 1092 1121 societate
1109 1054 1167 1118 nui

199 1171 323 1256 cupiant
345 1172 368 1236 ¹.
413 1170 582 1238 Excusandi
611 1170 741 1236 rationes
767 1168 916 1256 designati
937 1168 971 1232 in
995 1168 1099 1252 primo
1116 1189 1166 1232 se·

199 1283 338 1348 candore
357 1284 463 1348 ordine
482 1284 587 1370 legati,
608 1284 793 1369 simulatque
812 1281 979 1346 attributae
994 1280 1056 1346 sibi
1069 1280 1165 1368 digni

199 1397 266 1458 tatis
290 1395 432 1461 certiores
457 1396 528 1462 lacti
552 1397 622 1475 sint,
644 1396 798 1461 districtus
826 1394 988 1481 praelectis
1013 1393 1167 1479 subjicere

199 1517 359 1583 tenentur,
386 1506 506 1572 amem
526 1529 597 1572 vcro
613 1509 646 1572 in
665 1508 790 1573 caeteris
808 1505 968 1570 ordinibus
982 1505 1087 1569 statim
1101 1515 1166 1591 post

198 1606 345 1683 electores
367 1619 564 1695 constitutos,
595 1642 630 1684 ea
659 1641 793 1706 quorum
822 1618 939 1684 scilicet
962 1638 1093 1703 corpore
1112 1616 1166 1682 de·

198 1732 277 1794 sumi
302 1740 422 1795 tantum
443 1742 569 1815 possunt
585 1731 783 1809 mandatarii,
812 1731 899 1794 istius
919 1729 1045 1817 collegii
1064 1730 1165 1805 sociis,

197 1865 214 1904 a
235 1861 299 1925 quo
317 1841 363 1904 illi
384 1842 498 1905 luerint
518 1842 687 1920 nominati,
718 1842 848 1929 proponi
869 1853 1006 1928 oportet:
1034 1864 1165 1930 quoru·

198 1962 272 2017 tunc
294 1962 357 2031 est,
381 1952 593 2040 suffragiorum
622 1954 736 2019 latione
761 1954 918 2032 instituta,
941 1955 1050 2020 allatas
1066 1978 1166 2022 musas

196 2075 250 2130 aut
269 2076 345 2130 ratas
359 2063 472 2130 babere
490 2077 544 2130 aut
561 2064 688 2150 rejicere
698 2064 843 2153 idemque
853 2067 906 2151 jus
922 2089 939 2131 s
954 2067 1094 2152 priorum
1112 2090 1164 2153 pa·

197 2177 269 2240 riter
292 2176 433 2242 ordinum
456 2179 639 2245 electoribus
660 2190 823 2244 exercetur
840 2177 863 2244 ².
894 2178 941 2243 Ad
959 2179 1165 2266 supplendum

197 2290 328 2354 excusati
345 2291 449 2357 locum
465 2293 489 2355 is
506 2300 641 2368 vocatur,
658 2294 708 2357 cui
724 2291 849 2376 plurimi
866 2302 934 2377 post
953 2314 1027 2356 eum
1055 2294 1163 2360 calculi

197 2401 371 2487 obtigerint,
385 2424 481 2488 quem
503 2404 595 2469 modo
611 2403 741 2469 vidimus
760 2404 793 2470 in
808 2404 1021 2491 delegatorum
1042 2406 1164 2472 comitia

198 2524 263 2576 tum
283 2534 408 2600 quoque
427 2515 547 2580 admitti
575 2516 703 2596 debere,
725 2518 778 2582 ubi
801 2518 866 2604 ipso
891 2516 987 2582 babiti
1010 2541 1165 2586 commen

196 2637 332 2711 tempore
351 2626 495 2693 deiecerit
511 2628 731 2695 mandatarius:
752 2630 790 2695 ad
808 2630 1012 2717 eamdemque
1025 2655 1163 2699 normam

195 2740 223 2803 ci
244 2739 411 2818 sufficitur,
439 2740 494 2827 qui
524 2743 697 2828 requisitam
728 2744 807 2830 regis
828 2743 983 2808 dominive
1010 2745 1164 2812 adsensio

195 2874 265 2916 nem
288 2850 369 2917 baud
397 2854 529 2940 potuerit
548 2854 710 2941 impetrare
735 2855 758 2922 ³.
804 2857 873 2919 Post
899 2856 1056 2922 absolutas
1081 2860 1165 2925 elec-

195 2965 291 3029 tiones
312 2966 442 3052 amplius
462 2969 639 3035 renuntiare
657 2969 774 3035 nemini
794 2968 951 3057 designato
971 2971 1164 3049 conceditur,

229 3173 237 3205 ¹
254 3173 316 3223 lbid.
333 3176 352 3223 l.
369 3191 391 3224 o.
408 3178 421 3240 §t
439 3177 481 3235 44,
500 3193 521 3224 o.

226 3262 316 3314 'thie
333 3266 352 3314 l.
370 3283 391 3314 o.
410 3266 444 3332 §d
462 3267 504 3329 45,
522 3266 566 3330 46,
584 3285 608 3330 a,
625 3271 682 3319 coll.
700 3271 736 3337 §gt
754 3270 797 3331 20,
814 3269 857 3334 25,
876 3271 917 3320 31.
951 3272 1072 3323 ennom
1087 3285 1166 3325 tanea

193 3355 325 3418 ordinibus,
342 3357 407 3421 quod
423 3359 453 3408 ad
470 3361 541 3409 ritaaa
558 3363 716 3413 excusationis
732 3365 906 3427 proponendae,
924 3382 964 3413 aas
980 3382 1080 3430 quoqne
1094 3369 1165 3418 arbas

193 3451 341 3498 aaaummri
356 3450 441 3500 debere
458 3453 607 3503 manifestam
624 3465 669 3518 est,
687 3473 745 3519 quaa
758 3460 863 3521 proprios
876 3459 901 3507 in
915 3469 1057 3509 conventu
1072 3463 1165 3527 legatos

192 3543 314 3608 designare
330 3562 385 3594 moa
401 3545 540 3595 ridebimus.
575 3548 603 3596 ln
621 3550 708 3612 quibua
724 3552 816 3600 scilicet
833 3569 905 3616 quun
923 3552 1074 3616 magistratus
1085 3557 1166 3604 nune

192 3635 280 3699 ripales
297 3637 430 3700 ciuemque
446 3649 609 3701 procuratores
631 3641 1016 3711 toeneium-onollnechrigrea)
1032 3645 1165 3697 electoru-

193 3725 260 3790 lnngi
281 3727 356 3775 officio
376 3728 515 3792 jubeantur,
533 3731 601 3778 nulla
619 3748 674 3781 rane
692 3734 784 3784 admitti
800 3737 877 3799 potuit
893 3735 1032 3785 dnn-end
1049 3754 1081 3786 ra
1098 3739 1167 3789 eleo-

192 3827 269 3867 torum
285 3835 381 3882 corpore
405 3821 486 3885 populi
507 3821 665 3874 mandatarios
689 3826 809 3890 obligatio.
844 3826 894 3876 nd.
919 3830 952 3894 §p
970 3825 1014 3890 21,
1039 3826 1085 3893 22,
1111 3829 1164 3893 23,

192 3909 249 3957 soll.
267 3907 310 3972 58,
327 3911 352 3961 d.

227 3999 316 4049 ³lbid.
332 4003 352 4050 1.
369 4019 390 4051 e.
414 4004 448 4070 §d
467 4004 510 4067 46,
528 4007 554 4070 b,
571 4004 614 4070 48,
637 4009 694 4058 coll.
712 4011 726 4076 §
745 4009 786 4074 15,
805 4012 838 4064 al.
856 4009 873 4058 2
890 4028 918 4060 ar
933 4012 1060 4062 Goaatitnt.
1082 4013 1164 4079 1818,

192 4091 238 4139 Tit.
255 4091 295 4153 rt,
311 4093 346 4158 §t
365 4094 394 4142 ll
413 4105 437 4144 er
454 4094 495 4145 14.
