2738 4740
591 473 654 535 285

137 652 216 717 istud
234 675 346 717 munus
363 651 553 737 implendum
572 674 623 716 rex
636 651 875 738 designaverit¹z
896 671 1027 737 quorum
1047 648 1101 714 bos

136 775 253 858 oportet
263 764 388 850 quidem
400 764 631 849 esnperioribus
642 763 794 828 nobilibus
805 764 994 848 equitibusre
1003 764 1098 828 selec-

136 888 179 940 tos
195 899 276 954 esse,
292 876 471 961 probatione
486 878 580 953 lacta,
603 897 667 940 rem
688 873 878 939 immobilem
894 896 912 939 a
927 897 990 939 sose
1003 876 1099 940 teneri

134 990 212 1053 intra
230 988 305 1053 lines
321 989 453 1075 regionis
470 987 649 1071 sitam‚ejus
662 985 862 1069 nutem‘juris,
872 997 906 1049 ut
921 1007 993 1051 cum
1004 986 1098 1070 majo·

133 1101 216 1165 ribus
225 1123 346 1186 semper
357 1113 431 1166 natu
442 1101 632 1167 successione
642 1099 873 1175 transmittatur,
887 1097 1100 1164 fideicommis·

133 1235 164 1276 so
175 1213 212 1275 sit
223 1224 354 1298 gravata,
366 1222 431 1276 tum
449 1213 539 1277 etiam
555 1211 686 1276 reditum
699 1212 755 1276 sibi
773 1221 934 1296 suppetere
950 1232 1098 1288 annuum,

132 1323 215 1387 omni
230 1322 366 1387 detracto
379 1346 450 1387 aere
466 1325 577 1401 alieno,
591 1325 685 1388 sexies
697 1324 779 1389 mille
789 1323 975 1388 florenorum
985 1323 1015 1403 ²3
1031 1324 1099 1388 illos

10 1433 12 1440 ’
131 1457 205 1500 vero
219 1458 254 1499 er
269 1436 390 1521 optimis
401 1458 438 1501 ac
449 1437 630 1522 gravissimis
640 1448 754 1500 sumtos
771 1458 834 1501 esso
844 1436 970 1516 civibus,
983 1436 1099 1522 absque

131 1546 194 1611 ullo
215 1558 269 1610 aut
286 1551 407 1632 generis
427 1559 479 1613 aut
497 1548 668 1615 divitiarum
685 1549 862 1614 discrimine
876 1548 900 1615 ³.
923 1550 1096 1615 lllectomm

129 1670 229 1722 autem
250 1683 267 1723 a
286 1681 356 1745 rege
371 1659 499 1744 hujusce
522 1673 626 1726 coetus
646 1661 797 1727 sociorum
819 1683 985 1726 numerum
1006 1683 1097 1747 supra

132 1773 251 1835 tertiam
272 1783 389 1855 partem
406 1772 595 1858 reliquorum
614 1774 764 1837 sociorum
785 1774 887 1837 extolli
905 1795 967 1837 non
986 1772 1058 1839 licet
1072 1774 1096 1838 ⁴.

171 1884 257 1947 Alter
273 1895 396 1961 coetus,
409 1884 463 1970 qui
478 1895 522 1949 cst
536 1884 746 1972 delegatorum
756 1887 863 1971 populi
874 1884 1097 1972 (Kammerder

128 1994 374 2081 Abgeordneten)
394 1996 478 2060 hisce
499 2007 617 2061 constat
644 1996 795 2061 sociorum
824 1997 909 2061 velut
935 1997 1096 2063 classibus:
1165 1986 1171 1997 ⁵

127 2106 154 2194 1)
175 2109 328 2173 nobilibus
348 2130 384 2172 ex
405 2108 546 2193 equitum
572 2107 677 2171 ordine
716 2108 907 2192 cooptatioue
933 2107 1096 2195 designatis

129 2220 290 2298 tredecim;
311 2217 353 2297 ΙΙ)
380 2218 525 2283 ecclesias
554 2219 789 2282 Protestantium
816 2218 977 2303 pontificiis
1008 2241 1096 2304 pree·
1147 2201 1150 2207 ’

126 2331 241 2395 sidibus
266 2353 332 2407 sex;
366 2327 421 2414 Ill)
454 2330 594 2416 episcopo
626 2329 797 2408 Catholico,
825 2342 891 2396 tum
917 2353 981 2396 uno
996 2333 1095 2411 socio,

126 2465 220 2529 quem
249 2464 380 2528 magnus
411 2441 560 2528 capitulus
590 2443 761 2528 cooptavit,
789 2441 924 2529 denique
957 2445 1096 2532 singula·

126 2576 194 2618 rum
217 2553 441 2639 provinciarum
454 2552 627 2641 (Berirlrerr)
644 2555 771 2641 singulis
787 2555 921 2621 diaconis
934 2555 1095 2624 Catholicis

125 2679 200 2732 natu
210 2667 359 2747 maximin
369 2666 425 2753 lV)
435 2668 616 2734 Academiae
627 2668 771 2752 publicae
781 2668 975 2748 cancellario
986 2669 1095 2752 vuin-

126 2780 204 2866 gulis
215 2779 350 2866 legatisa
370 2790 565 2865 septenarum
585 2780 819 2864 praecipuarum
835 2779 959 2843 orbium
977 2780 1094 2846 civibus

126 2889 1093 2978 nominatis,Studgardtensibus‚scilieet,Tubingensibus,Luis·

123 3005 346 3092 burgensibus,
384 3004 654 3091 Ellrangensibus‚
684 3004 895 3082 Ulmensibus,
923 3003 1092 3070 lleilbron-

124 3117 283 3195 nensibus,
303 3116 592 3202 lleutlingensibus3
628 3115 685 3200 vl)
701 3114 830 3202 singulis
850 3115 958 3201 legetis
982 3138 1000 3181 e
1029 3118 1092 3183 rin·

124 3229 203 3315 gulis
220 3230 317 3293 missis
339 3229 520 3294 balirntibus
534 3227 558 3292 ⁵.
1022 3303 1025 3307 ¹

167 3341 278 3406 Prioris
296 3352 399 3406 autem
422 3351 526 3406 coetus
542 3338 668 3423 jurent
695 3339 763 3425 quis
784 3349 905 3416 utatur,
934 3340 997 3406 rire
1017 3341 1092 3428 regii

122 3453 160 3518 sit
171 3455 291 3539 generis
303 3454 365 3518 sire
384 3452 483 3518 socius
503 3449 730 3527 haereditarius,
746 3449 786 3515 sd
798 3451 946 3535 majorem
970 3453 995 3517 is
1020 3476 1091 3539 per-

124 3566 238 3630 venerit
253 3576 395 3647 aetatem,
413 3586 535 3630 necesse
555 3562 696 3628 babetur.
727 3563 821 3647 Cujus
831 3563 949 3646 justum
971 3575 1091 3651 tempus

120 3678 179 3742 illis
195 3677 321 3764 quidem
341 3677 501 3742 definitum
520 3686 567 3740 est
586 3675 687 3761 regiae
706 3674 814 3739 domus
828 3675 915 3761 lege,
927 3674 1091 3742 biscerero

116 3789 188 3872 jure
206 3789 364 3856 communi
381 3791 406 3852 θ.
453 3792 489 3854 ln
509 3789 641 3853 alterum
661 3798 783 3852 coetum
805 3786 923 3851 nonnisi
944 3787 965 3852 ii
984 3788 1092 3854 admit·

656 3978 743 4028 ²uss.
760 3978 775 4045 p
793 3976 851 4028 rso.

654 4071 664 4104 ⁴
683 4071 772 4138 ruam
791 4069 848 4119 raa.

656 4164 666 4196 ⁶
685 4164 746 4212 urs.
763 4163 776 4229 o
795 4162 854 4226 rar,
872 4166 895 4212 ιι
925 4163 947 4212 r.
