2738 4740
735 419 796 483 110

386 600 531 666 chiouatu
547 598 834 686 Brandenburgensi
851 614 881 665 et
892 602 1093 688 musgraviatu
1104 604 1245 669 Lusaciae

387 713 557 790 Inferioris,
577 712 607 776 d.
633 721 647 776 1
673 714 746 778 tutii
763 737 791 781 a.
815 718 915 795 1823;

322 827 354 911 d)
385 825 424 890 de
438 825 657 911 compositione
672 824 826 891 Ordinnm
842 827 1077 911 provincialium
1100 829 1132 892 in
1149 851 1248 916 regno

386 941 556 1016 Burussico
576 940 712 1028 (antiqua
735 941 783 1006 rel
799 941 919 1027 propria
939 942 1089 1022 Borussid,
1102 964 1182 1031 quae
1198 944 1246 1007 di·

389 1049 482 1139 citur)
504 1051 638 1138 ejusdem
659 1051 738 1132 diei;

323 1164 352 1252 c)
389 1165 429 1231 da
445 1165 662 1250 compositione
676 1165 827 1231 Ordinum
844 1166 1077 1253 provincialium
1087 1169 1120 1232 in
1132 1166 1248 1232 ducatu

389 1277 603 1343 Pomeraneusi
621 1288 652 1343 et
667 1277 840 1364 principatu
854 1280 1003 1366 Rugensi,
1023 1280 1158 1365 ejusdem
1170 1280 1248 1360 diei;

323 1391 360 1476 al)
388 1391 428 1456 de
455 1391 672 1476 compositione
696 1390 849 1456 Ordinum
870 1392 1106 1478 provincialium
1128 1392 1160 1456 in
1178 1413 1248 1476 pro·

387 1503 494 1568 vinciis
510 1501 676 1586 Rhenanis,
698 1501 759 1567 diei
779 1506 820 1569 27
844 1524 887 1570 m.
907 1505 1007 1569 Martii
1024 1503 1098 1568 anni
1120 1508 1223 1585 18243

323 1620 352 1697 et
389 1616 428 1680 de
446 1614 665 1700 compositione
684 1613 837 1680 Ordiuum
859 1615 1093 1701 provincialium
1114 1615 1147 1681 iu
1169 1637 1249 1700 pro-

389 1726 489 1792 vincii
506 1724 750 1811 Westphaiensi,
774 1726 910 1811 ejusdem
932 1726 1014 1802 diei;

314 1837 357 1928 s)
388 1837 427 1903 de
441 1835 658 1922 compositione
676 1836 827 1903 Ordiuum
838 1839 1074 1925 provincialium
1088 1839 1121 1904 in
1137 1861 1249 1927 magno

388 1950 502 2016 ducatu
514 1950 690 2028 Posuiensi,
709 1950 846 2036 ejusdem
868 1951 929 2017 dici
954 1976 962 2031 5

318 2063 357 2154 g)
387 2063 426 2129 de
448 2063 666 2149 compositione
683 2062 836 2129 Ordiunm
861 2063 1092 2150 provincialium
1110 2063 1142 2129 in
1166 2084 1247 2149 pro-

386 2178 488 2244 rineid
508 2178 657 2255 Saxonid,
679 2176 816 2262 ejusdem
840 2176 915 2257 diei;

322 2291 358 2376 t)
385 2291 543 2356 Ordinatio
564 2289 603 2354 de
616 2290 663 2368 iis,
685 2311 775 2377 quae,
795 2287 966 2354 secuudum
980 2289 1081 2377 legem
1095 2292 1148 2355 24.
1161 2290 1249 2356 Mart.

390 2406 487 2479 1824,
508 2402 590 2467 circa
609 2402 844 2488 provincialium
862 2401 1015 2467 Ordinum
1033 2402 1243 2468 Posuiensium

388 2514 650 2600 compositionem,
669 2515 912 2585 ulteriorierant
929 2516 1158 2602 pertractationi
1177 2516 1249 2580 sub·

385 2625 530 2711 jicienda,
551 2626 583 2690 d.
604 2633 645 2693 15
665 2647 709 2691 m.
733 2628 807 2693 Dec.
831 2631 927 2695 1830.

726 2809 744 2892 ς
769 2807 798 2870 1.

376 2939 428 3006 Be
448 2939 579 3006 decreto
602 2944 697 3031 regio
715 2941 749 3006 d.
773 2944 815 3007 22
838 2938 934 3030 Majs'
950 2946 1034 3006 anni
1054 2948 1149 3009 1815.

321 3076 411 3143 Dedit
427 3075 523 3144 hocce
535 3075 693 3142 decretum
711 3099 762 3142 rex
777 3099 968 3143 innormans
979 3100 1165 3154 cumeanus,
1176 3098 1247 3168 cum

277 3191 310 3257 in
323 3191 493 3278 congressu
505 3191 682 3268 Viennensi,
693 3192 921 3278 Eur-opacorum
937 3190 1112 3277 principum
1136 3190 1175 3255 de
1189 3206 1254 3277 put

279 3303 361 3369 blico
385 3303 538 3367 variarum
556 3303 713 3368 civitatum
734 3314 814 3369 statu
835 3304 985 3390 particeps
1007 3313 1071 3370 erat
1094 3304 1249 3369 consulta-

278 3416 409 3484 tionum.
431 3416 538 3481 Paullo
550 3426 654 3482 autem
670 3427 752 3494 ante,
766 3417 816 3482 die
833 3417 900 3484 scil.
912 3422 955 3485 30
967 3440 1010 3482 m.
1023 3417 1131 3496 Martii,
1146 3416 1185 3482 de
1196 3416 1248 3481 ad-

279 3527 477 3593 ministranda
492 3549 525 3592 re
539 3529 662 3614 publiea
676 3528 845 3610 Boruoioa,
859 3529 975 3595 ratione
989 3528 1093 3595 habita
1104 3528 1249 3616 pristinae

280 3639 507 3725 provinciarum
526 3638 721 3718 conditionis,
742 3641 827 3707 aliud
846 3643 950 3729 magni
962 3642 1087 3707 omnino
1101 3642 1248 3707 momenti

279 3753 416 3818 edictum
435 3751 613 3819 condiderat
632 3753 657 3818 ¹.
694 3753 743 3818 Ad
763 3753 846 3841 quod
868 3776 953 3821 nune
975 3754 1132 3821 decretum
1151 3754 1249 3839 respi-

314 3923 323 3958 ¹
339 3927 366 3975 V.
383 3925 455 3990 hujus
469 3922 600 3988 gravissimi
618 3924 751 3990 edietipara
764 3926 887 3990 praecipua
901 3926 963 3990 apud
973 3939 1066 3987 ouran,
1083 3933 1249 3974 novnomet

277 4028 388 4080 noun,
412 4016 541 4066 collection
557 4017 598 4066 des
612 4018 798 4084 Constitutione,
822 4017 919 4069 Chattos
935 4027 959 4068 et
973 4019 1027 4069 leia
1046 4018 1248 4081 fundamentales,

279 4109 368 4160 eto.'1‘.
388 4110 421 4158 11.
440 4128 465 4174 p.
480 4107 540 4172 203,
556 4128 592 4175 sq.
609 4112 635 4161 in
651 4122 701 4162 aot.
