2738 4740
653 467 717 529 269

213 648 247 711 lu
268 667 330 732 quo
351 645 489 711 districtu
515 666 575 709 aon
594 644 694 709 adsint
716 645 754 710 ad
773 645 936 710 minimum
955 645 1178 732 quinquaginta

213 759 372 846 legationis
382 757 589 845 suscipiendae
599 756 937 836 facultatembabontes,
946 758 1005 823 boo
1015 759 1178 845 quoquein

213 894 284 937 casu
299 871 521 937 recurrendum
538 881 582 936 est
601 871 639 936 ad
660 871 808 958 placitum
827 876 846 959 §
863 875 903 938 57
923 862 1157 937 memorarunt

256 984 441 1048 Possessores
471 982 664 1069 praediorum
702 985 889 1070 equestrium
919 983 952 1047 iu
983 983 1181 1049 electionibus

213 1095 325 1161 ordinis
352 1095 535 1160 rusticorum
569 1095 703 1182 suffragii
726 1095 799 1179 jure
826 1095 960 1181 gaudent
985 1107 1078 1181 atque
1108 1094 1180 1183 eligi

212 1207 325 1294 pariter
344 1217 479 1291 possunt,
491 1207 625 1293 quando,
642 1218 760 1293 praeter
776 1207 855 1271 bona
871 1206 909 1272 ad
919 1217 1092 1294 equestrem
1104 1205 1180 1271 elas·

213 1344 277 1387 sem
294 1321 487 1406 pertinentis,
502 1319 611 1384 londos
631 1341 755 1407 quoque
773 1331 897 1385 teneant
916 1321 1035 1407 generis
1047 1325 1064 1407 §
1076 1323 1118 1386 76
1133 1319 1180 1383 in-

214 1434 318 1511 dicati,
334 1454 466 1519 quorum
482 1433 617 1517 ipsorum
630 1454 737 1497 census
752 1433 912 1498 conveniat
927 1431 1095 1519 praeceptis
1106 1431 1127 1515 3
1138 1436 1180 1499 83

215 1556 245 1611 et
262 1551 304 1613 95
322 1545 408 1610 editis
423 1545 446 1611 ².

257 1662 440 1748 legatorum
460 1660 568 1725 electio
585 1658 708 1724 ducitur
726 1660 836 1724 tabulis
855 1660 893 1726 ad
913 1682 976 1725 rem
992 1659 1182 1726 tributariam

214 1787 305 1862 atque
321 1768 499 1840 electoriam'
508 1773 730 1857 pertinentibus
744 1772 864 1860 (Steuer
876 1775 937 1839 und
954 1771 1147 1860 Wabllisten)
1159 1773 1182 1840 ³.

203 1888 415 1974 ¹Quapropter,
442 1898 513 1952 ante
538 1887 748 1974 eligendorum
775 1887 944 1972 legatorum
971 1887 1065 1965 diem,
1086 1885 1184 1951 confi·

215 2000 339 2066 ciendae
356 2011 426 2064 sunt
443 2000 575 2074 tabulae,
595 2000 707 2086 quibus
721 2000 926 2064 inscribantur
943 2000 965 2062 ii
983 2001 1114 2076 incolae,
1128 1999 1183 2087 qui

215 2112 364 2179 tributum
391 2113 507 2176 solvant
531 2117 548 2198 §
568 2115 611 2177 95
633 2121 837 2175 memoratum
848 2094 886 2189 '⁴3
918 2131 997 2195 quae
1021 2112 1182 2176 tabulaea

215 2224 426 2290 commissoriis
441 2222 643 2299 examinatae,
663 2222 701 2286 ab
721 2221 757 2285 iis
775 2220 886 2286 deiude
904 2222 1019 2307 publici
1036 2223 1116 2307 juris
1136 2224 1185 2290 ia-

215 2336 340 2402 ciendae
361 2335 431 2399 sunt
449 2335 478 2414 ⁵,
505 2334 547 2399 ita
570 2344 605 2398 ut
633 2334 670 2400 ad
692 2333 805 2399 civium
832 2334 971 2401 notitiam
990 2337 1184 2422 perveniant,

216 2446 447 2535 quatuordecim
463 2446 501 2511 ad
520 2445 682 2511 minimum
697 2445 815 2512 dierum
831 2457 902 2513 ante
923 2449 1120 2514 constitutum
1139 2450 1185 2513 le-

218 2571 357 2647 gatorum
380 2560 580 2647 designationi
603 2570 722 2645 tempus
744 2558 903 2625 intervallo
925 2559 948 2625 ⁶.

249 2670 376 2737 lndiem
387 2671 644 2759 eligendislegatis
654 2672 877 2756 praestitutum,
888 2669 925 2734 ad
936 2671 1038 2734 locum
1048 2669 1185 2755 aliquem

217 2784 328 2871 inipso
344 2783 482 2850 districtu
500 2785 603 2860 situm,
619 2806 637 2848 a
653 2783 857 2849 commissario
871 2782 1025 2847 districtus
1042 2781 1186 2847 electores

217 2909 424 2965 convocantur
437 2895 460 2963 ⁷.
480 2896 566 2961 Idem
582 2895 816 2972 commissarius,
827 2895 950 2961 alterius
963 2894 1093 2979 hujusce
1106 2894 1186 2961 eleo·

218 3010 286 3075 torii
304 3008 419 3097 negotii
442 3007 606 3095 peragendi
626 3008 736 3085 causti,
758 3029 794 3072 er
815 3006 1037 3094 magistratibus
1056 3007 1117 3072 loci
1133 3007 1187 3074 ad·

218 3143 344 3187 sessores
357 3122 475 3208 aliquot
489 3121 546 3186 sibi
559 3120 696 3187 adsciscit
711 3132 740 3186 et
756 3120 788 3185 in
800 3120 925 3185 caeteris
934 3121 1047 3206 pariter
1056 3122 1100 3186 sic
1113 3123 1187 3209 agit,

219 3237 263 3301 uti
276 3234 496 3321 praescriptum
507 3246 553 3300 est
563 3237 709 3322 §ot-72,
727 3244 866 3319 respectu
880 3234 1044 3299 alterarum
1060 3235 1092 3299 in
1104 3234 1189 3300 urbi-

218 3351 275 3415 bus
295 3349 480 3416 electionum
489 3349 514 3415 θ.
536 3351 690 3433 Respecto
709 3369 835 3435 quoque
854 3346 959 3412 rustici
977 3346 1089 3412 ordinis
1107 3347 1188 3414 eleo·

219 3473 333 3545 torum,
354 3484 389 3526 aa
413 3462 531 3538 valent,
555 3481 636 3547 quae
660 3459 742 3525 eirca
760 3459 906 3533 muneris,
920 3457 1008 3524 finita
1028 3459 1188 3537 electione,

220 3575 437 3650 cessationem,
456 3574 476 3657 §
492 3577 533 3638 73
549 3584 708 3658 praecepta
728 3571 858 3636 diximus
873 3571 896 3636 ⁹.

255 3771 264 3805 ¹
281 3771 342 3821 urs.
360 3770 375 3837 s
392 3770 436 3833 os,
453 3771 513 3820 0011.
527 3769 542 3838 s
559 3769 601 3820 sa.

194 3832 210 3865 ’
254 3863 344 3913 *usu
362 3863 376 3930 s
394 3860 438 3926 so,
455 3863 512 3913 asu.
529 3864 543 3930 q
560 3859 604 3925 ro,
621 3859 663 3926 sa,
678 3860 722 3912 os.

255 3956 344 4006 ⁸sorr.
364 3954 378 4021 o
396 3955 438 4006 or.
495 3954 497 3958 “
572 3953 662 4006 tibist.
680 3957 694 4022 q
709 3952 754 4005 aa.
901 3949 991 4000 ⁸rsu.
1010 3947 1083 4015 §aa

255 4047 343 4098 usu.
361 4048 374 4115 q
393 4046 451 4098 roo.
846 4043 935 4095 tobit.
952 4045 966 4110 q
983 4041 1042 4094 101.

256 4141 267 4175 ·
285 4144 346 4193 isis.
363 4140 654 4211 §102,ooll.§67·—l2.
845 4137 858 4170 ν
873 4131 1175 4204 mertonensis.
