2738 4740
399 1215 578 1304 CAPUT
612 1219 846 1305 PRIMUM.

234 1428 277 1471 DE
299 1425 485 1474 oneremus
508 1427 768 1476 Pnovlucrnnmn
791 1427 1007 1475 AUSTRIACAE

368 1538 596 1586 nonrrNA'rlour
618 1541 871 1589 seusucmun.

548 1789 682 1809 -ῳ-ψι

576 1997 646 2079 5¹·

152 2139 255 2229 legen
272 2141 435 2229 politicae
453 2138 737 2226 fundamentales,
758 2145 913 2206 instituta
937 2145 1080 2208 omnibns

195 2257 229 2315 in
260 2252 441 2319 Germania
466 2255 578 2340 gentis
611 2253 812 2319 Austriocae
846 2257 1036 2346 regionibus

388 2363 630 2429 haereditariae
651 2370 843 2431 communia.

173 2515 357 2606 Menarchie
381 2541 536 2606 Austriaca
557 2542 807 2626 conjunctionem
833 2542 927 2610 efficit
948 2548 1099 2613 vanarum

129 2651 288 2737 regionum
308 2676 324 2717 a
345 2653 527 2718 seinvicem
547 2676 609 2718 neu
629 2654 847 2739 pendentium,
870 2678 1004 2743 quarum
1024 2660 1096 2724 ein-

129 2766 219 2851 gulee
245 2767 365 2854 legibue
394 2768 455 2831 euie
483 2768 613 2853 propriis
650 2779 781 2834 ulunlur
813 2792 945 2857 suesque
978 2773 1099 2838 ordines

126 2876 259 2958 habent,
275 2901 355 2966 quae
376 2891 477 2944 tamen
497 2881 655 2946 universae
675 2903 828 2966 peraeque
850 2883 1005 2966 subjectae
1028 2898 1100 2950 eunt

123 2991 246 3073 juribus
260 3002 290 3056 et
307 2992 414 3056 officiis
431 2993 510 3071 illie,
525 3014 605 3078 quae
623 3015 659 3055 ex
678 2993 761 3058 civili
775 2994 832 3058 sub
850 3017 912 3059 une
928 2995 1099 3083 eodemque

126 3103 256 3187 imperio
275 3104 431 3189 profluum
451 3108 685 3172 consociatione.

170 3219 393 3285 anrcditariae
424 3221 562 3309 regiones
590 3222 791 3288 Germanicae
814 3222 898 3307 stirpi
920 3222 1097 3286 Austriacae

126 3330 264 3395 subditae
284 3355 388 3398 emnee
406 3333 603 3402 monarchiae
626 3335 758 3420 imperio
778 3344 937 3420 reguntur.
968 3335 1095 3399 Ericusa

124 3443 157 3506 in
177 3442 305 3530 singulis
327 3457 457 3530 potestas
482 3459 525 3512 est
546 3449 628 3536 regia
649 3469 705 3533 pre
726 3447 845 3534 legibus
869 3468 906 3511 ac
933 3457 1097 3511 consuctu-

124 3556 247 3621 dinibus
269 3558 395 3644 prepriis
415 3560 579 3647 cujusque.
614 3562 694 3625 Sunt
720 3571 824 3625 autem
845 3559 985 3645 regiones
1007 3559 1097 3623 illue:

124 3673 244 3734 Auetria
255 3672 378 3757 proprie
389 3673 433 3737 sic
443 3671 534 3748 dicta,
548 3684 606 3736 tres
614 3675 751 3738 Dueetus
763 3671 914 3737 Austrieci
927 3670 1096 3749 interiores,

123 3783 238 3870 styria,
258 3785 395 3872 Tmolia,
420 3783 582 3861 Behemia,
602 3785 755 3863 Moraria,
780 3785 898 3851 Silesia.

166 3898 323 3982 Supremie
354 3897 491 3984 collegiis
517 3919 554 3962 ac
586 3897 812 3983 magistratibus
842 3896 1095 3962 adminieiralieni

124 4012 283 4095 praefectis
304 4012 460 4096 subjectae
480 4021 551 4075 sunt
570 4031 675 4075 omnes
694 4011 789 4097 inque
810 4009 857 4075 his
874 4033 1012 4076 summae
1029 4011 1097 4075 Cu-

124 4123 185 4187 riae
203 4124 266 4207 juri
286 4123 440 4199 dicundo,
462 4143 542 4208 quae
560 4124 698 4191 Viennae
713 4121 852 4190 habetur.

937 4240 957 4300 6
