2738 4740
730 433 772 495 24

267 622 469 698 tributorum,
489 640 569 706 quae
587 628 691 683 ooetue
709 617 877 702 imperialis
894 616 1074 696 saucir'isset,
1093 617 1133 681 ab
1151 617 1239 682 initio

266 735 339 801 inde
368 734 480 800 saeculi
510 731 621 798 decimi
650 730 745 806 seru,
780 730 866 794 variis
890 728 1034 816 deinceps
1057 735 1237 816 opportuni·

264 848 377 914 tatibus
386 848 491 912 fuisset
504 845 683 912 confirmata
694 845 717 922 ¹,
728 844 828 907 noluit
842 845 1011 929 Imperator
1023 866 1195 911 naorouoos
1206 847 1238 922 1,

263 984 344 1027 auno
381 962 483 1037 1670,
516 969 616 1024 ratum
647 957 760 1022 babere
788 960 931 1022 Statuum
959 957 1137 1034 decretum..
1174 982 1239 1046 quo

263 1074 403 1139 eamdem
421 1072 460 1138 ad
480 1072 537 1137 alia
552 1072 649 1136 multa
662 1072 800 1158 negotia,
821 1071 860 1135 ad
876 1070 1048 1137 universam
1062 1074 1236 1158 praesertim

262 1188 306 1250 rei
340 1186 479 1250 militaris
512 1185 545 1249 in
580 1185 706 1270 singulis
741 1184 916 1270 regionibus
946 1184 1237 1249 administrationem

265 1297 486 1363 extendendam
506 1297 783 1383 pronuntiavissent
801 1296 827 1359 ².
864 1299 967 1383 Atque
992 1297 1036 1362 sic
1055 1298 1183 1379 laetum,
1204 1310 1240 1362 ut

261 1413 309 1476 lex
325 1411 378 1476 illa
398 1414 479 1477 circa
500 1411 633 1476 debitam
656 1410 851 1496 vectigalium
874 1409 1069 1475 collationem
1089 1434 1134 1487 ea,
1156 1432 1238 1497 quae

261 1523 298 1589 ad
325 1526 479 1610 impositas
504 1524 575 1607 jure
600 1522 758 1589 communi
781 1523 915 1588 Statibus
943 1524 1129 1588 referrentur
1157 1525 1239 1590 obli·

260 1636 407 1724 gationes,
426 1635 519 1700 unice
537 1635 699 1721 complecti
718 1634 834 1699 civibus
848 1635 1084 1720 provincialibus
1095 1637 1127 1700 in
1138 1649 1238 1722 poste·

261 1771 332 1813 rum
351 1769 478 1835 quoque
497 1747 673 1834 perrexerit.
698 1748 814 1815 Verum
832 1749 914 1813 enim
938 1770 1018 1830 vero,
1037 1750 1104 1826 etsi,
1119 1761 1185 1814 tum
1200 1752 1240 1815 ab

261 1863 356 1948 ipsius
388 1862 568 1927 auctoritate
595 1861 738 1947 Imperii,
770 1872 834 1925 tum
863 1885 881 1926 a
911 1862 1085 1947 principum
1112 1884 1239 1949 quoque

264 1974 410 2054 libidine,
440 1974 679 2063 qualiacumque
700 1997 754 2038 rua
775 1975 856 2039 eirca
879 1997 944 2039 rem
960 1974 1238 2060 tributariamjura

262 2091 382 2177 integro
403 2110 520 2155 serrare
539 2087 696 2152 civitatum
716 2085 875 2153 ordinibus
898 2089 1076 2175 contigerit,
1099 2092 1233 2154 multum

262 2215 367 2269 tamen
386 2203 488 2280 abest,
515 2211 550 2266 ut
566 2224 600 2266 ea
621 2199 729 2265 exinde
747 2200 907 2266 commoda
925 2201 956 2264 io
978 2201 1130 2266 universos
1153 2204 1237 2268 cives

294 2476 305 2513 1
325 2477 460 2525 Primarium
479 2475 563 2525 borum
582 2475 737 2537 imperialium
757 2474 900 2523 tributorum
917 2484 1078 2538 argumentum
1097 2476 1123 2523 in
1140 2476 1236 2524 bellicio

260 2579 341 2622 contu
361 2571 448 2618 Tureaa
474 2568 663 2632 expeditionibua
680 2568 826 2630 retrahatur,
850 2569 912 2616 uude
937 2569 1029 2630 propria
1050 2582 1146 2631 qnoque
1170 2570 1240 2618 fluxit

258 2663 352 2713 Turoioi
368 2662 452 2711 tributi
469 2661 663 2730 (Turkenateuer)
681 2662 817 2725 appellatio.
845 2662 969 2710 Rationem
994 2678 1049 2710 rero
1070 2663 1199 2725 aliquotier
1212 2665 1238 2712 in

260 2756 334 2807 hocne
349 2756 491 2818 imponendo
508 2765 644 2819 uanrpatam
665 2755 695 2803 ad
713 2757 876 2819 oujuacunque
894 2756 994 2805 nominia
1014 2760 1146 2805 eommunia
1164 2760 1240 2806 recti·

260 2850 325 2915 galia
343 2849 453 2913 demoepe
476 2848 605 2897 adhibitam
624 2848 697 2897 initae
721 2857 814 2898 conatu
832 2848 894 2911 ideo,
913 2849 977 2912 quod
996 2849 1080 2897 modur
1098 2850 1153 2898 inde
1173 2853 1239 2899 narei

261 2943 415 3006 opportunior
441 2941 566 2990 ridebatur
589 2940 652 2989 inter
677 2942 865 3004 uniuacujuaque
892 2941 971 2991 Statua
998 2943 1090 2990 incolae
1115 2944 1239 3006 impoaitac

260 3035 317 3086 braio
335 3035 466 3100 penaiorria·
481 3033 665 3084 diatribuendae.
699 3036 727 3082 ln
752 3035 905 3083 lleceaaaibua
931 3046 1007 3085 autem
1026 3054 1140 3086 annorum
1161 3037 1239 3100 1507,

261 3117 339 3191 1510,
355 3126 520 3191 1530‚1532‚
535 3127 621 3177 civium
637 3127 700 3176 barro
720 3128 887 3191 obligationem
906 3139 1055 3178 memoratam
1063 3133 1112 3194 jam
1127 3133 1239 3195 reperiar,

261 3222 342 3272 addita
357 3222 475 3283 claurult,
494 3238 523 3270 ne
539 3223 565 3270 in
576 3221 659 3271 borum
675 3223 802 3271 collatione
813 3222 964 3284 vectigalium
979 3223 1058 3285 aliqua
1075 3226 1238 3286 cujuaounque

262 3315 397 3364 immunita·
414 3315 576 3364 admitteretur
587 3315 690 3378 dataque
705 3317 773 3363 renit
789 3316 980 3378 principibur,ut
998 3315 1022 3362 ri
1041 3317 1138 3377 eogendi
1157 3318 1183 3365 in
1197 3334 1239 3366 eoa

263 3426 345 3459 omnen
370 3417 503 3469 uterentur,
521 3408 564 3470 qui
583 3407 687 3455 debitam
705 3408 745 3455 iati
767 3407 842 3457 officio
861 3417 979 3470 praeclare
997 3407 1153 3456 obedientiam
1171 3427 1239 3459 recu·

261 3511 362 3550 acuent.
388 3501 437 3549 tid.
455 3511 586 3561 ltmottt,
604 3499 618 3565 §
634 3497 694 3548 537.
712 3499 810 3548 Condita
828 3516 922 3562 quoque
939 3499 1001 3563 luit,
1026 3516 1088 3548 anno
1110 3498 1185 3562 1555,
1203 3501 1237 3547 rei

262 3596 362 3644 militari
370 3612 411 3658 per
419 3596 555 3643 nnireraum
565 3595 690 3657 Imperium
699 3594 744 3642 rite
751 3593 911 3656 procurandae
920 3593 1041 3642 Ordinatio
1053 3592 1238 3659 (lleicbrerecu-

262 3687 443 3753 tionaordnung)
462 3703 510 3750 qna
528 3687 674 3750 ringularum
695 3689 867 3750 provinciarum
884 3687 929 3737 bae
946 3689 971 3736 in
989 3705 1014 3736 re
1029 3689 1110 3738 officiia
1129 3697 1238 3736 accurate

262 3778 386 3842 delinitia,
403 3779 556 3842 aubjunctum
575 3780 662 3842 pariter
678 3780 787 3829 inveniar
811 3790 977 3845 praeceptum,
1007 3781 1139 3829 naacituroa
1165 3781 1238 3829 iatine

260 3879 352 3920 rumtnr
360 3871 504 3933 compensari
514 3872 543 3917 ab
555 3872 611 3934 ipeir
620 3871 711 3919 ciribna
722 3871 817 3922 debere.
832 3874 904 3935 ldem,
914 3872 927 3938 ᾗ
937 3870 998 3921 529.
1019 3873 1054 3920 Ci.
1066 3885 1237 3934 numinum,

261 3963 392 4013 llandbnob
412 3965 452 4012 der
470 3965 604 4014 lleutaoben
621 3965 813 4029 liciebageaetae‚
833 3969 857 4014 ll.
871 3967 926 4026 vlt,
947 3986 968 4029 p.
981 3964 1033 4015 967
1047 3985 1099 4030 rqq.
1125 3972 1238 4029 ιιῖιηκ,

260 4060 287 4108 o.
309 4060 339 4107 tr.
354 4059 377 4106 d.
392 4059 418 4108 7.
439 4059 464 4106 u.
481 4060 494 4123 p
512 4057 578 4119 332,
597 4069 645 4107 not.
663 4060 674 4105 1
681 4076 687 4114 ;
707 4073 915 4122 aroarrrrroura,
934 4079 971 4122 op.
990 4062 1030 4108 cit.
1048 4061 1062 4126 p
1078 4060 1118 4110 85.

295 4149 308 4187 2
325 4153 504 4211 Gramrianae,
523 4170 560 4212 op.
579 4152 618 4200 cit.
639 4152 661 4200 t.
681 4153 737 4212 ut,
756 4171 778 4215 p.
796 4151 861 4216 989,
876 4170 927 4216 sqq.
950 4167 1081 4217 ricomer,
1099 4153 1182 4220 §5st
