2738 4740
646 459 711 523 299

197 635 249 687 ria”
258 645 308 687 etc.
323 666 358 676 -
368 655 455 688 amore
466 637 610 706 majorum''
619 640 744 709 imprimit
753 639 979 692 memorebiiireat.
993 640 1032 693 Ex
1041 641 1088 693 iiio
1097 641 1167 693 enirn

197 729 327 794 diotimus,
338 741 481 803 praetorem
495 730 623 784 urbanum
638 745 790 805 conceptum
806 753 822 786 a
831 752 858 788 ac
874 733 1007 800 Edictum,
1026 746 1168 808 antequam

196 825 224 876 in
242 825 331 877 album
357 825 426 878 illud
444 826 531 878 referri
546 837 659 891 curaret,
678 829 774 899 populo
793 846 947 899 proponere,
967 847 996 881 ca
1017 839 1105 884 autern
1124 848 1166 900 op·

195 922 355 989 portunitate
365 921 476 972 rationes
482 920 569 973 Edicti
581 920 677 973 direrta
688 923 804 975 oratione
810 924 935 992 explicare
946 920 1074 990 debuine,
1083 941 1168 995 nequo

196 1031 264 1078 non,
284 1013 332 1066 ubi
350 1016 386 1065 ric
403 1013 525 1085 expedire
541 1014 688 1076 videretur,
708 1034 761 1087 quo
781 1019 958 1084 mgistratum
975 1034 1051 1070 ouum
1070 1017 1169 1069 civibus

196 1108 400 1173 commendaret,
421 1108 454 1163 de
474 1128 501 1163 oe
516 1110 709 1182 majoribusque
724 1113 776 1163 ruia
791 1110 876 1164 dicere
890 1110 991 1183 aliquid
1009 1112 1131 1182 potuirae.

644 1205 716 1260 xlX.

231 1298 319 1351 Minus
344 1310 412 1353 recte
437 1316 616 1365 unomen,
646 1299 810 1368 Grundbegr.
834 1298 880 1352 dea
902 1301 987 1352 Peini.
1007 1301 1038 1353 li.
1058 1301 1092 1354 Τ.
1114 1300 1167 1361 111,

197 1392 211 1464 §
229 1397 278 1459 8⁴,
298 1406 389 1463 neget,
406 1399 464 1464 jure
479 1398 609 1460 Romano,
629 1400 746 1459 wamiam
757 1400 821 1460 jurio
837 1396 893 1464 ipro
911 1395 991 1448 etiarn
1001 1397 1058 1465 jure
1070 1394 1167 1458 inferri,

197 1489 344 1542 existimant
361 1506 425 1559 opus
440 1508 538 1560 semper
550 1489 626 1542 tuisse
634 1488 730 1559 judicia
741 1488 873 1541 infamium
885 1490 1020 1558 irrogantir
1030 1489 1167 1542 nutentii.

650 1582 709 1635 XX.

231 1682 248 1732 J
249 1697 294 1731 uro
304 1679 456 1740 Romano,si
469 1678 526 1749 quir
536 1677 655 1730 creditori
665 1694 712 1728 ouo
723 1694 779 1729 rem
792 1677 904 1729 alienam
917 1677 1027 1747 pignorio
1033 1679 1089 1747 jure
1102 1676 1170 1729 obli-

196 1775 294 1843 gaverit
305 1776 410 1845 ejusque
423 1773 461 1825 rei
475 1771 596 1824 dominor
605 1781 693 1842 poetro
709 1771 796 1823 haereo
812 1770 854 1822 illi
864 1772 1006 1835 exstiterit,
1027 1754 1119 1842 pignus
1133 1771 1170 1823 ita

198 1869 304 1922 demum
316 1874 400 1921 utiliter
411 1869 611 1931 convalescit,ti
628 1866 778 1936 simpliciter
789 1867 922 1934 ignorante
938 1864 1045 1919 domino
1055 1865 1121 1918 iacta
1136 1866 1168 1917 tit

197 1966 384 2036 oppignoratio,
404 1982 457 2016 non
472 1981 547 2027 tero,
566 1963 588 2014 ai
601 1971 628 2015 et
644 1963 778 2030 ignorante
796 1970 824 2013 et
840 1961 935 2014 invito.

646 2055 719 2107 XXI.

232 2151 355 2205 Haeredir
374 2150 618 2212 fideicommissarii,
644 2147 678 2200 de
700 2165 753 2220 quo
775 2147 857 2215 agitur
878 2147 907 2199 in
927 2143 992 2200 Oid.
1014 2143 1071 2198 civ.
1089 2147 1170 2197 nostri

197 2248 255 2299 Art.
272 2249 338 2310 928,
358 2263 442 2316 neque
463 2244 482 2296 ii
498 2243 573 2296 liberi
588 2241 742 2296 succedendi
759 2242 888 2310 incapaces
902 2238 1030 2304 habendi,
1050 2240 1095 2309 qui
1113 2250 1170 2309 port

197 2351 309 2392 mortem
327 2341 455 2392 tentatorie
472 2340 527 2391 nati
545 2338 607 2389 rint.

639 2432 724 2484 xxn.

233 2556 322 2620 Matri,
337 2573 402 2627 quae
417 2554 556 2607 liberorum
571 2572 675 2606 auorum
693 2552 805 2605 tutelam
819 2549 944 2621 surripere
954 2550 1055 2612 noluit,
1067 2552 1108 2619 jur
1119 2567 1171 2601 non

199 2651 324 2720 competit
341 2658 496 2701 testamento
510 2649 542 2700 iit
555 2657 669 2700 tutorem
684 2645 845 2699 nominandi.

635 2742 734 2795 xxm.

233 2840 258 2890 Si
280 2839 339 2911 quis
359 2840 409 2891 rite
431 2839 548 2905 agnitum
567 2837 652 2889 filium
676 2837 789 2889 filiamve
812 2835 957 2887 naturalem
980 2831 1118 2885 haeredem
1139 2850 1171 2883 or

199 2951 253 2985 aste
271 2933 411 3003 scripserit,
431 2930 649 2983 adscendentibus
664 2931 736 2983 illiue
749 2931 778 2982 in
796 2928 865 2981 linoi
880 2937 949 2981 recta
966 2927 1046 2989 salva,
1064 2943 1096 2979 ex
1109 2926 1173 2993 jurio

199 3031 283 3084 nostri
297 3031 408 3101 placicio,
422 3029 506 3099 portio
523 3044 627 3079 munere
645 3026 725 3080 debet
741 3026 864 3094 legitima,
884 3042 962 3097 quarn
976 3024 1007 3075 iio
1022 3020 1087 3075 Cod.
1101 3020 1170 3083 civ„

200 3126 258 3178 Art.
278 3126 330 3176 962
348 3123 501 3191 adsignavit.

637 3214 735 3266 XXIV.

236 3314 298 3367 Jure
314 3323 412 3378 nostro,
432 3312 517 3366 rolutu
535 3312 600 3362 lucri
622 3307 762 3378 damnique
785 3305 983 3368 communione,
1005 3301 1173 3357 renuntiandi

202 3410 351 3463 iacuitatern
367 3425 433 3460 uxor
449 3409 536 3476 ejusve
554 3403 677 3457 haeredes
694 3417 857 3474 nequaquam
874 3398 1003 3452 obtinent.
