2738 4740
745 455 763 517 t

281 651 367 704 erant
384 641 471 724 jura,
498 638 578 702 unde
598 648 693 702 status
712 640 757 702 sui
779 638 916 704 servandi
937 650 999 705 eta
1018 641 1194 728 principum
1217 645 1256 707 li·

281 755 384 818 bidine
410 753 514 818 tuendi
542 753 622 818 haud
649 755 794 840 exiguum
826 754 1041 837 adjumentum
1071 767 1256 841 repeterent.

280 869 344 932 Nee
365 868 523 931 Nobilium
541 867 660 945 ordini,
689 868 713 929 si
734 867 773 931 ab
795 867 831 930 iis
854 869 976 933 recedas
996 890 1076 955 quae
1100 871 1166 956 ipsa
1185 873 1257 938 leu-

280 981 340 1046 dali
360 981 583 1047 necessitudine
610 983 857 1058 continerentur,
888 983 951 1046 ullu
970 994 1057 1047 eraut
1076 984 1174 1049 officia
1194 986 1258 1048 im-

279 1095 391 1180 posita:
437 1117 495 1159 nec
525 1094 669 1158 Praelatis
702 1093 852 1179 denique,
886 1105 1006 1179 praeter
1042 1118 1075 1158 ea
1111 1117 1191 1181 quae
1219 1119 1256 1161 ex

278 1220 439 1293 patronatu
459 1220 567 1294 sponte
582 1208 732 1272 ducerent
753 1208 904 1293 originem
927 1210 949 1271 ¹.
983 1209 1126 1286 Accedit,
1149 1209 1256 1295 quod,

278 1323 394 1408 publici
417 1323 496 1407 juris
527 1322 586 1387 hac
615 1331 713 1386 aetate
739 1321 956 1385 convenienter
983 1322 1157 1407 principiis,
1188 1324 1255 1406 jam

276 1436 442 1522 antiquiori
457 1447 609 1519 tempore,
626 1456 698 1497 usus
713 1433 910 1498 comitiorum
932 1433 1116 1512 invaluerat,
1142 1436 1257 1520 quibus

276 1550 316 1614 de
346 1549 516 1636 praecipuis
548 1548 591 1612 rei
622 1547 764 1633 publicae
796 1548 1024 1632 quaestionibus
1057 1560 1257 1636 perageretur

276 1661 470 1728 deliberatio:
503 1662 620 1747 quippe
649 1661 753 1746 negari
784 1659 842 1725 hoc
871 1672 955 1725 certe
976 1684 1037 1725 non
1062 1684 1148 1747 posse
1170 1663 1255 1728 vide-

278 1788 344 1851 tur,
377 1777 467 1841 sicuti
497 1776 530 1840 in
560 1777 687 1841 caeteris
714 1776 778 1839 lere
807 1775 921 1840 feudali
946 1776 1089 1862 regimini
1110 1777 1257 1859 subjectis

276 1890 465 1968 civitatibus,
489 1892 530 1956 ito
553 1891 584 1956 io
610 1889 794 1956 Germaniae
816 1911 941 1977 quoque
963 1890 1142 1976 provinciis,
1166 1891 1256 1957 ordi-

275 2027 350 2069 num
371 2004 410 2070 de
432 2028 465 2070 re
482 2005 605 2090 publicai
626 2004 828 2069 conventibus
841 2005 1049 2084 instituendis,
1072 2007 1254 2092 opportuni·

276 2129 367 2183 tatem
387 2141 494 2204 saepe,
515 2119 627 2206 magud
646 2129 749 2203 parte,
771 2118 943 2202 praebuisse
954 2141 1073 2185 morem
1083 2120 1190 2197 illum,
1215 2121 1255 2185 ab

274 2231 346 2316 ipsis
365 2231 438 2296 iude
456 2231 498 2295 rei
516 2231 644 2296 feudalis
663 2230 835 2316 primordiis
853 2243 1051 2317 usurpatum,
1070 2253 1149 2319 quo,
1171 2235 1254 2299 statis

275 2365 311 2406 ac
336 2344 523 2408 solemnibus
552 2344 736 2430 quibusdam
756 2344 879 2422 diebus,
904 2344 1006 2409 vasalli
1028 2346 1254 2433 superiorisque

276 2455 389 2520 ordinis
401 2454 570 2540 pontificii,
591 2457 625 2519 in
642 2456 714 2520 auld
731 2456 878 2541 principis
896 2457 1075 2536 convenire,
1095 2461 1256 2546 magnast

274 2569 331 2653 ipsi
348 2589 474 2631 suorum
490 2566 652 2632 hominum
672 2568 772 2653 stipati
794 2567 984 2655 frequentia,
997 2570 1142 2635 solerent:
1168 2573 1253 2659 quod

276 2681 357 2744 enim
396 2681 586 2757 institutum,
619 2703 717 2767 quum
750 2680 900 2766 principio
928 2682 967 2746 ad
1001 2682 1095 2749 decus
1118 2696 1252 2750 ⁴tautum

275 2818 312 2859 ae
331 2794 401 2859 lidci
423 2795 581 2881 olliciique
606 2794 836 2879 praestationem
858 2796 1067 2880 pertinuisset,
1096 2820 1164 2862 mor
1188 2801 1255 2886 agi-

272 2908 371 2975 tandis
396 2908 435 2974 de
454 2932 486 2974 re
508 2898 635 2995 publicet
656 2909 931 2974 consultationibus
951 2911 1135 2987 insaniisse,
1169 2935 1253 3000 mag·

274 3046 393 3110 uaeque
411 3023 483 3088 inde
499 3023 590 3087 fuisso
607 3022 745 3086 utilitatis
763 3022 800 3086 ad
820 3023 999 3087 vasallorum
1023 3024 1094 3107 jura
1106 3026 1253 3090 servanda

274 3136 495 3223 augendaque,
522 3135 674 3201 novimus:
699 3158 788 3212 cum,
813 3135 926 3221 quibus
945 3135 1158 3201 adeundarum
1179 3137 1253 3203 isto·

277 3272 346 3313 rum
361 3260 569 3313 conventuum
583 3249 779 3314 incumberet
791 3249 945 3331 officium,
967 3247 1015 3324 hi,
1040 3248 1109 3314 fien'
1125 3251 1254 3315 minime

276 3362 424 3449 potuerit,
446 3372 498 3436 ut,
519 3361 599 3425 circa
621 3361 813 3447 quaestiones
828 3361 858 3424 in
871 3361 932 3424 illis
945 3363 1123 3446 pertractari
1133 3362 1252 3437 solitas,

276 3475 413 3561 sullrogii
432 3482 580 3559 perpetuo
605 3473 743 3537 destituti
760 3454 923 3538 manerent
942 3476 1131 3541 auctoritate.
1165 3475 1254 3556 Quae

275 3612 321 3654 res
340 3600 406 3652 turn
425 3588 490 3653 aliis
512 3586 615 3651 multis
636 3588 813 3652 testimoniis
841 3587 983 3666 docetur,
1007 3599 1071 3652 tum
1092 3588 1253 3654 confirma·

274 3704 392 3766 tionem
410 3701 522 3786 accipit
542 3724 576 3765 er
599 3722 645 3776 eo,
665 3700 749 3786 quod
767 3700 797 3764 in
812 3702 890 3765 bene
908 3702 1023 3777 multis,
1042 3700 1102 3765 hoc
1114 3712 1254 3787 tempore

276 3814 379 3892 editis,
409 3814 623 3900 cujuscunque
642 3815 762 3900 generis
782 3813 957 3899 principum
978 3815 1107 3879 decretis
1129 3825 1158 3879 et
1176 3837 1252 3881 con-

312 4071 320 4108 Ι
341 4073 475 4129 Ereauour,
494 4069 511 4116 t.
530 4070 546 4116 t.
568 4069 590 4114 t.
610 4068 659 4129 ltt,
677 4068 689 4132 ᾗ
707 4064 772 4127 423,
791 4068 848 4118 coll.
869 4067 894 4117 l.
910 4069 949 4123 11,
967 4068 996 4134 §9‘
1010 4067 1076 4130 263,
1095 4067 1161 4118 tot.
1182 4067 1252 4130 304,

274 4164 338 4228 306,
357 4163 421 4231 309,
439 4160 590 4223 310-343,
610 4158 675 4221 324,
693 4159 838 4210 sto-3⁴8.
