2738 4740
656 470 716 532 189

181 668 188 679 ’
244 650 290 714 Ad
324 649 447 714 tertium
488 659 640 712 rectorum
678 647 864 711 urbanorum
900 647 992 713 veluti
1026 647 1165 712 ordinem

199 764 336 829 vicorum
362 772 514 849 praetores
536 760 720 826 reseruntur.
759 759 805 823 De
827 780 960 845 quorum
980 771 1081 827 tamen
1100 763 1166 825 offi-

200 877 257 954 cio,
281 877 396 963 quippe
412 875 446 938 in
467 896 528 939 una
545 874 643 960 posito
666 873 843 959 regionum,
858 871 891 937 in
910 893 985 959 quas
998 873 1166 960 descriptae

199 990 328 1075 majores
347 988 438 1052 urbes
454 987 579 1065 inerint,
600 987 759 1052 curatione
777 986 801 1063 ¹,
824 985 937 1074 quietis
954 984 997 1050 ibi
1018 997 1049 1050 et
1071 963 1166 1051 decu-

199 1103 293 1167 ritatis
315 1099 520 1166 vindicatione
543 1121 582 1164 ao
605 1099 822 1163 sustentatione
847 1119 1034 1184 pauperum,
1061 1119 1165 1162 earum

198 1212 334 1299 denique
352 1212 491 1276 omnium
512 1233 634 1287 rerum,
658 1232 738 1298 quae
755 1211 982 1277 necessitatibus
1000 1211 1167 1297 usibusque

199 1324 415 1392 communibus
428 1324 507 1388 intra
522 1346 572 1388 eas
589 1323 762 1400 inserviant,
775 1324 895 1389 riarum
909 1322 1034 1401 scilicet,
1047 1344 1166 1409 aquae-

198 1438 361 1516 ductuum,
370 1438 522 1524 pontium,
536 1448 726 1503 caeterarum
741 1437 971 1502 conservatione
988 1437 1166 1503 resectione-

199 1551 304 1638 que2:
326 1574 343 1616 a
362 1561 464 1616 nostro
486 1549 611 1638 quidem
637 1561 820 1637 argumento
846 1551 937 1635 plane
960 1551 1096 1614 alienum
1122 1561 1166 1615 est

199 1664 348 1750 copiosius
365 1662 549 1729 disseruisse.
573 1662 758 1751 Legitimum
774 1674 878 1729 autem
889 1663 1018 1749 hujusce
1031 1663 1166 1727 muneris

200 1776 325 1865 gerendi
350 1787 469 1863 tempus
489 1776 657 1842 triennium
675 1776 813 1855 babetur,
829 1777 947 1863 quique
961 1776 1039 1841 illud
1054 1774 1165 1840 obituri

198 1901 284 1970 sunt,
306 1912 323 1954 a
343 1889 567 1976 magistratibus
587 1888 755 1977 designati,
780 1901 847 1954 tum
868 1887 900 1953 in
922 1890 989 1974 ipso
1008 1890 1091 1967 rico,
1114 1886 1164 1954 cui

196 2003 327 2088 quisque
342 2022 449 2066 eorum
465 2001 669 2087 praeficiatur,
688 2002 777 2067 aedes
793 2002 929 2066 dominio
946 2012 1082 2079 teneant,
1097 2012 1164 2065 tum

196 2114 231 2179 iis
243 2115 384 2181 omnibus
396 2115 578 2180 satisfaciant
589 2136 712 2179 neeesse
726 2125 771 2177 est
786 2113 1020 2190 conditionibus,
1031 2133 1108 2197 quas
1116 2113 1164 2175 in-

192 2221 1165 2311 junctasoiviumprocuratoribusfuisse,supraexposuerimus³.

240 2338 329 2417 Quae
355 2336 394 2399 de
421 2335 531 2399 futuris
564 2336 816 2400 communionum
843 2337 876 2399 in
896 2335 1022 2400 navant
1043 2335 1165 2420 juribus

198 2459 228 2512 et
241 2446 501 2513 administratione
521 2447 637 2525 statuit,
653 2447 684 2513 d.
707 2450 746 2512 17
763 2449 832 2532 ttajt
850 2452 933 2514 1818
954 2447 1113 2528 ordinatio,
1132 2449 1164 2513 in

196 2558 382 2625 Rhenanum
404 2559 572 2636 circulum,
596 2557 741 2625 adhunc
768 2581 867 2648 usque
889 2560 986 2639 diem,
1013 2573 1164 2648 quantum
1237 2550 1242 2560 ’

196 2673 327 2763 quidem⁴
348 2674 493 2751 sciamus,
521 2672 695 2740 introducta
721 2695 784 2738 non
817 2685 872 2742 est.
891 2674 915 2740 ⁴.
968 2676 1164 2763 Quamquam

195 2798 315 2872 tempus
340 2808 426 2852 nunc
450 2808 547 2872 prope
574 2784 695 2862 adesse,
726 2807 789 2872 quo
816 2788 853 2851 ad
886 2808 1025 2852 normam
1057 2810 1163 2852 eorum

195 2900 398 2984 placitorum,
423 2900 536 2985 quibus
554 2898 698 2986 oppidani
724 2900 754 2963 in
782 2899 907 2987 reliquis
926 2900 1090 2987 provinciis
1108 2900 1164 2966 bo-

195 3010 293 3075 mines
311 3021 447 3087 utantur,
465 3011 598 3099 rigentia
618 3010 787 3076 etiamnum
803 3011 886 3097 apud
903 3013 984 3078 cives
1001 2989 1165 3079 Rhenanos

197 3123 401 3190 convertenda
423 3124 483 3187 sint
505 3146 540 3188 ea
561 3122 600 3189 de
621 3146 655 3188 re
678 3124 831 3202 instituta,
857 3125 905 3189 rel
926 3125 988 3190 illis
1005 3124 1164 3207 docemur,

196 3257 276 3321 quae
298 3233 335 3300 ad
355 3236 455 3322 legem
486 3233 545 3301 boc
567 3258 658 3322 super
687 3247 869 3323 argumento
897 3236 1127 3318 conficiendam,
1146 3263 1164 3306 a

196 3347 284 3435 regni
301 3348 555 3433 gubernatoribus
575 3350 681 3434 paucis
695 3348 780 3415 hisee
797 3349 883 3415 anuis
896 3350 1008 3438 agitata
1016 3352 1131 3416 fuerint
1139 3353 1163 3417 ⁵.

196 3461 375 3544 Usurpatam
395 3456 548 3548 hodieque
567 3461 715 3527 rationem
737 3462 898 3549 praecipua
909 3463 1072 3529 Francicae
1089 3465 1165 3552 legis

195 3573 295 3658 capita
312 3571 496 3637 referentem
513 3571 575 3639 buc
592 3573 783 3660 potissimum
802 3573 902 3640 redire
916 3585 1043 3643 constat.
1066 3576 1163 3659 Quot·

229 3890 238 3924 ¹
257 3892 318 3942 ibid.
336 3892 353 3940 1.
371 3907 392 3940 e.
410 3890 425 3958 ᾗ
442 3888 485 3940 89.
568 3891 579 3923 ²
597 3891 658 3941 lbid.
676 3892 694 3939 l.
712 3907 734 3940 c.
752 3891 766 3959 §
783 3889 827 3941 91.
907 3888 996 3939 ’ibid
1014 3890 1032 3939 1.
1050 3906 1072 3939 e.
1090 3889 1104 3955 §
1120 3888 1163 3939 90.

228 3982 240 4016 ⁸
256 3984 412 4046 seuuemo,
428 4000 466 4046 op.
482 3999 505 4032 e.
523 3982 548 4033 V.
566 3985 586 4045 1,
603 3981 652 4050 §2,
668 3993 718 4033 rot.
734 3980 775 4047 10,
790 4001 813 4048 p.
832 3980 872 4042 ll;
891 3984 1078 4047 Staetrtexikou,
1094 3984 1161 4045 tn,

194 4094 218 4140 p.
235 4074 286 4125 166
301 4077 335 4143 (v.
350 4076 530 4141 Rbeiubaiern.)

229 4167 238 4199 ³
256 4169 439 4231 Stantaiexibon,
455 4169 513 4217 ibid.
