2738 4740
599 465 636 526 ul

137 652 223 716 alitor
234 650 463 716 acGalicienscs
479 649 622 733 episcopi,
632 647 669 713 ad
684 647 874 732 pontificium
885 650 1023 715 ordinem
1034 674 1103 736 pcr-

137 765 247 829 tineret
264 764 293 828 ¹:
317 762 349 850 2)
362 774 397 827 ut
415 761 487 826 illac
504 771 628 847 gentes,
645 761 774 847 quibus,
793 762 961 827 sce-undum
978 764 1022 851 ᾗς
1039 769 1059 828 2
1075 775 1105 829 et

137 881 157 940 3
175 877 263 941 Decr.
283 879 323 938 14
338 874 437 938 Martii
457 875 552 949 1787,
568 872 716 937 comitum
732 882 785 936 aut
804 872 1017 958 toparcboruru
1037 876 1106 941 data

137 987 268 1076 dignitas
277 988 398 1064 luisset,
413 985 608 1072 dynastarum
618 984 703 1049 classi
716 985 957 1071 adjungerentur
976 987 1003 1050 ²:
1028 986 1060 1074 3)
1072 1000 1107 1054 ut

136 1100 248 1183 llojarii
261 1123 297 1164 ac
312 1098 420 1175 Masili,
435 1107 586 1184 quotquot
593 1098 664 1180 juro
678 1097 711 1161 in
727 1097 844 1162 tabulas
856 1099 1008 1162 relationis
1020 1111 1105 1164 ante·

138 1213 195 1280 bac
210 1214 257 1278 usi
268 1214 404 1289 luissent,
418 1222 483 1274 turn
495 1212 549 1289 illi,
560 1212 672 1298 quibus
682 1212 847 1297 imperator
858 1213 1025 1296 majoresve
1043 1214 1109 1297 ejus

139 1327 310 1410 equitatum
328 1324 515 1400 tribuissent,
535 1323 676 1409 equitum
696 1323 796 1387 ordini
817 1323 1062 1391 adscriberentur
1083 1326 1108 1391 ³.

183 1438 316 1522 Corpora
327 1438 469 1501 ordinum
481 1436 777 1521 Galiciensiumjur·e
788 1439 1004 1527 Lembcrgeusi
1017 1451 1110 1505 utun·

140 1560 205 1626 tur,
226 1559 383 1637 tamquam
406 1551 471 1613 loro
490 1548 689 1636 privilegiato.

392 1709 429 1800 B)
447 1710 499 1776 De
524 1721 676 1777 conventu
699 1711 859 1778 ordinum.

183 1889 236 1952 Jus
263 1888 295 1952 in
326 1898 493 1953 conventus
514 1887 656 1953 ordinum
687 1889 824 1955 Galioiao
842 1911 878 1954 ac
898 1890 1109 1968 Lodomcriac,

139 2001 283 2086 adjuncta
309 1999 355 2065 his
375 2002 560 2080 Bulrowina,
574 2002 717 2067 veniendi
737 2004 843 2089 ibique
865 2003 1043 2088 suffragium
1065 2006 1110 2070 le·

140 2115 243 2191 rendi,
262 2137 298 2178 ex
317 2114 440 2180 decreto
460 2120 503 2180 13
521 2116 595 2200 llpr.
618 2119 719 2191 1817,
737 2113 821 2180 bisce
839 2117 1003 2200 competit:

187 2232 216 2294 1.
238 2228 316 2304 illis,
341 2229 397 2314 qui
422 2227 590 2313 praecipuo
615 2227 749 2313 quodam
773 2228 805 2290 in
836 2227 958 2292 civitate
983 2251 1112 2292 munere

140 2339 332 2426 funguntur,
362 2340 395 2404 in
424 2339 538 2427 quibus
561 2340 677 2424 primus
702 2341 787 2406 locus
816 2362 976 2405 concessus
998 2351 1041 2406 est
1061 2365 1113 2406 ar-

142 2451 337 2538 chiepiscopo
358 2450 514 2517 Catholico
532 2453 607 2516 ritus
624 2454 742 2532 Latini,
766 2465 923 2541 tamquam
943 2454 1031 2543 regni
1052 2456 1114 2520 Ga·

141 2565 230 2629 liciae
249 2586 287 2630 ac
306 2564 503 2631 Lodomeriae
523 2565 647 2650 primati
664 2565 687 2631 ⁴.

187 2681 218 2741 2.
240 2675 485 2763 Archiepiscopis
515 2678 590 2741 ritus
619 2677 729 2744 Gracci
758 2700 794 2743 ac
822 2679 896 2742 ritus
917 2679 1112 2755 Armeniaci,

142 2799 209 2854 tum
227 2790 389 2875 episcopis,
413 2790 575 2855 abbatibus
591 2791 800 2867 abbatiarum,
821 2791 979 2855 abbatibus
1001 2791 1113 2855 inlula·

144 2903 198 2978 tis,
232 2912 340 2989 rogatu
373 2925 429 2966 suo
458 2902 602 2966 ordinum
625 2901 747 2986 juribus
769 2901 923 2966 instructis
949 2925 985 2965 ac
1008 2903 1115 2988 legatis

144 3015 363 3099 capitulorum,
396 3036 529 3100 quorum
560 3015 789 3101 Lembcrgensis
822 3014 973 3099 capitulus
1009 3014 1114 3089 binos,

146 3128 256 3212 reliqui
277 3149 348 3191 vero
368 3129 483 3215 singuli
500 3129 635 3216 singulos
652 3129 767 3215 legatos
784 3127 822 3191 ad
842 3137 1027 3193 conventum
1043 3129 1114 3190 mit-

146 3240 229 3305 tendi
257 3241 308 3325 jus
332 3239 462 3318 babent,
493 3243 631 3326 injuncta
659 3252 726 3305 tum
751 3239 798 3306 his
822 3240 1026 3325 capitulariis,
1049 3251 1115 3304 turn

146 3354 279 3441 reliquis,
295 3366 416 3441 praeter
437 3354 678 3441 archiepiscopos
699 3366 730 3419 ct
747 3333 917 3440 episcopos,
942 3353 1045 3418 clerici
1067 3374 1116 3416 or-

145 3468 225 3532 dinis
239 3468 420 3554 dignitariis,
433 3469 590 3553 cireajura
604 3470 740 3555 ipsorum
755 3467 955 3534 ecclesiastiea
971 3465 1116 3550 impetra·

145 3590 271 3666 tamque
286 3580 498 3667 indigenarum
516 3582 708 3656 facultatem,
728 3602 831 3644 coram
846 3579 960 3643 ordinis
980 3577 1117 3662 praeside

147 3695 342 3777 probatione,
362 3706 396 3757 ut
418 3696 530 3779 possint
551 3696 583 3757 in
604 3705 789 3758 contentum
810 3692 901 3778 recipi
922 3693 945 3756 ⁵.

183 3966 188 3996 ¹
210 3968 274 4014 llrrr.
292 3967 324 4013 id.
344 3965 356 4030 p
375 3964 400 4020 3,
419 3966 451 4013 al.
471 3962 494 4013 2.
700 3962 796 4011 ²llecr.
815 3965 846 4010 id.
865 3988 875 4009 r
894 3963 919 4021 3,
938 3965 959 4010 al
988 3964 1012 4011 3.

182 4058 191 4087 ³
210 4060 276 4106 llecr.
298 4059 355 4121 idq
373 4055 398 4116 3,
417 4057 447 4105 al.
469 4059 493 4103 d.
702 4057 709 4086 l
727 4059 792 4103 llccr
813 4057 842 4102 id.
862 4056 875 4103 d
893 4059 917 4116 l,
936 4058 967 4104 al.
989 4055 999 4103 l
1022 4067 1045 4104 et
1062 4054 1087 4102 2.

183 4151 192 4178 ⁶
211 4154 275 4199 llrcr.
295 4151 319 4198 id
345 4166 358 4215 p
378 4153 402 4210 ·l,
420 4152 451 4196 al.
472 4149 494 4196 3.
