2738 4740
149 661 724 684 AWWRWSWMQWWWWMWWW
727 662 768 682 Μ
772 661 856 682 §mun
860 664 900 684 W„
903 663 966 684 §nm
969 665 987 683 u
991 665 1032 684 §Qu
1035 663 1120 685 mm

375 1142 556 1230 CAPUT
590 1143 899 1229 SECUNDUM.

149 1383 197 1428 DE
207 1377 376 1438 RATIONE,
397 1379 680 1440 oorsfflwrtortn,
697 1379 952 1428 Dnstuunn'roltrs
964 1379 1123 1428 ultumum

295 1491 567 1539 PROVINCIALIUM
585 1493 625 1540 IN
643 1493 760 1541 REGNO
782 1492 978 1541 Bonusslnss.

561 1737 703 1766 -aeav—

147 1941 308 2035 Naturalia
328 1967 461 2034 manime
480 1965 532 2034 hio
549 1967 672 2035 ridetur
692 1989 756 2033 esse
771 1967 862 2045 ordo,
883 1978 938 2051 nt,
957 1978 1121 2055 postquam

146 2079 185 2146 de
204 2078 379 2168 regionibus
394 2080 573 2148 lustriaeae
590 2079 790 2145 dominationi
810 2079 955 2164 subjectis
968 2080 1121 2160 diximus,

145 2194 184 2259 ad
196 2216 326 2281 regnum
345 2193 504 2259 llorussiae
518 2205 722 2271 transeamus,
740 2212 857 2278 quum,
873 2203 905 2256 et
919 2191 1121 2277 amplitudine

146 2305 255 2370 linium
276 2316 307 2370 et
329 2316 490 2390 potestate,
515 2304 655 2391 proxime
678 2302 716 2368 ad
741 2303 897 2368 Austriam
920 2303 1047 2370 socedat
1060 2305 1120 2370 Bo-

146 2418 257 2495 russia,
281 2429 312 2483 et
327 2429 481 2504 praeterea
501 2416 643 2483 ordinum
660 2417 736 2482 ratio
750 2438 787 2482 ao
800 2416 977 2482 distributio
988 2418 1021 2482 in
1039 2431 1120 2486 utra·

145 2553 208 2623 que
227 2531 309 2596 terrd
329 2530 548 2617 antiquissimis
569 2531 707 2596 nitantur
723 2531 804 2616 juris
822 2530 940 2618 publici
964 2531 1119 2599 institutis.

187 2645 223 2709 ln
249 2642 308 2710 hae
331 2644 457 2731 regione
478 2643 611 2709 universi
632 2644 739 2730 popnli
765 2667 821 2729 per
838 2644 966 2709 selectos
990 2645 1120 2711 manda·

144 2758 234 2824 tarios
268 2757 577 2843 repraesentationem
606 2779 695 2842 saepe
728 2758 895 2842 expetitam
927 2759 1119 2844 solemnique

143 2869 220 2934 adeo
239 2870 437 2955 promissione
456 2871 496 2934 ab
516 2873 584 2955 ipso
604 2869 763 2956 rege,jam
782 2890 864 2933 anno
881 2873 977 2945 1815,
992 2891 1118 2954 praepa-

144 2993 258 3059 ratam,
280 3004 342 3046 non
359 2983 527 3048 institutam
547 3004 629 3058 esse,
651 2992 760 3045 notum
779 2993 824 3046 est
841 2981 993 3047 omnibus.
1025 2982 1119 3067 Cujus

144 3093 270 3180 quidem
297 3092 451 3157 dilationis
480 3114 588 3158 oanme
616 3103 683 3156 tum
711 3091 790 3156 aliae
817 3093 951 3179 adlegari
973 3106 1116 3178 possunt,

145 3217 211 3268 tum
244 3226 306 3268 non
332 3204 479 3269 minimae
499 3203 657 3269 habendae
684 3203 826 3268 ridentur
851 3204 1002 3269 tumultus
1023 3217 1118 3293 atque

143 3316 320 3392 seditiones,
343 3315 448 3379 multis
467 3316 498 3381 in
519 3316 657 3400 partibus
674 3317 875 3394 Germaniae,
897 3318 937 3382 ab
950 3340 1031 3383 anno
1045 3318 1118 3385 inde

146 3434 242 3507 1830,
259 3429 389 3493 subinde
408 3428 539 3515 agitatae
556 3450 759 3514 perversaque
772 3430 978 3514 plurimorum
1001 3429 1117 3510 studia,

144 3565 246 3609 rerum
263 3541 492 3607 conversionem
508 3541 629 3607 ellicere
646 3540 856 3626 cupientium,
876 3542 989 3629 quibus
1000 3545 1117 3612 sedicet

141 3658 273 3733 laetum,
304 3665 338 3719 ut
368 3654 479 3718 timore
508 3653 590 3739 eapti
614 3654 798 3719 Germaniae
825 3654 1012 3738 imperantes
1036 3679 1114 3723 non·

142 3770 237 3846 nulli,
270 3767 308 3833 de
331 3767 526 3855 popularium
546 3765 669 3850 juribus
688 3764 929 3851 amplificandis,
962 3766 1008 3832 his
1033 3783 1115 3838 certe

143 3883 346 3969 temporibus,
368 3882 504 3969 cogitare
522 3878 650 3945 minimo
670 3877 835 3957 auderent,
858 3901 923 3965 quo
941 3901 1012 3945 vero
1028 3904 1113 3950 oom-

142 3996 232 4060 mode
257 3996 435 4061 sedarentur
456 3994 608 4058 tumultus
636 4015 672 4059 ac
692 3991 911 4058 malevolorum
941 4005 971 4058 et
990 3995 1115 4063 seditio.

141 4131 243 4173 sorum
265 4107 425 4174 bominum
445 4108 614 4194 petulantia
635 4108 856 4185 refrenaretur,
885 4109 929 4173 sio
948 4107 1113 4197 diligenter
