2738 4740
646 456 708 519 257

197 638 338 705 uentibus
355 638 466 726 agendi
486 638 575 704 camd
594 636 659 702 sine
675 638 856 704 auctoritate
874 636 993 705 habitus
1008 650 1086 706 esset
1099 640 1162 716 illa,

196 751 372 839 illegitimus
387 753 413 817 is
432 749 590 816 ducendos
609 750 688 815 leret
702 771 881 836 congressus
904 771 1081 837 poenaeque
1101 750 1163 816 boe

197 864 319 929 nomine
336 863 482 928 obnoxius
496 861 520 928 ¹.
542 861 657 927 Electio
670 861 710 926 ab
724 861 908 948 eligentibus
921 862 1063 927 exanimi
1076 862 1163 928 firma

196 975 389 1061 persuasione
406 973 512 1058 peragi
526 972 664 1057 jubetur.
694 975 780 1038 Hanc
799 971 855 1057 qui
866 971 990 1038 flectere
1008 984 1062 1037 ant
1075 972 1163 1041 donis

195 1098 249 1152 aut
263 1085 354 1150 minis
372 1095 426 1149 aut
440 1082 705 1169 pollicitationibus
719 1082 949 1171 aggrediuntur,
961 1083 1013 1168 jus
1027 1093 1092 1149 tum
1108 1085 1164 1150 eli-

199 1196 290 1283 gendi
303 1206 369 1260 tuns
385 1197 568 1283 legationem
579 1195 763 1281 suscipiendi
774 1196 807 1261 in
819 1206 999 1281 perpetuum
1011 1196 1166 1264 amittunt.

198 1309 327 1390 Quin,si
344 1306 472 1372 crimino
491 1307 548 1372 isto
567 1308 723 1372 convictus
741 1307 835 1372 luerit
857 1306 1046 1394 magistratus
1065 1308 1166 1392 publi·

199 1444 264 1500 cus,
280 1423 480 1486 remotionem
498 1442 653 1486 amunere
665 1421 690 1485 is
707 1431 879 1505 exspectare
890 1419 1014 1486 debet².
1037 1419 1069 1485 Si
1086 1442 1167 1485 unus

199 1547 253 1601 aut
275 1536 395 1621 plures,
419 1536 557 1623 quamvis
575 1534 655 1620 juris
686 1534 768 1598 illius
795 1544 941 1619 expertes,
969 1532 1166 1598 serendorum

200 1658 301 1713 tamen
312 1648 527 1735 suffragiorum
537 1647 699 1734 participes
709 1645 887 1723 exstiterint,
899 1645 1008 1711 electio
1021 1644 1072 1709 illa
1084 1646 1169 1710 irrita

200 1757 304 1823 baberi
322 1758 422 1837 debet,
434 1759 492 1825 uisi
511 1760 614 1824 oborta
632 1757 704 1823 inde
720 1758 910 1825 calculorum
921 1756 1042 1823 numeri
1055 1779 1169 1823 exauc-

201 1872 283 1937 tione
297 1871 360 1957 ipsa
377 1871 458 1937 baud
475 1874 568 1938 luerit
579 1871 735 1949 eflectum,
751 1883 785 1936 ut
799 1873 887 1957 plura
904 1872 1046 1958 suffragia
1062 1871 1094 1937 in
1111 1871 1170 1936 de-
1200 1852 1203 1860 ¹

200 1985 352 2074 signatum
361 2006 453 2071 quam
464 1986 495 2049 in
508 1995 697 2049 caeterorum
705 1975 936 2070 quemcumque
946 1985 1169 2051 concurrerint.

200 2097 233 2160 Si
252 2118 338 2162 secus
359 2095 531 2181 contigerit,
557 2092 596 2157 ad
621 2092 848 2159 instaurandam
871 2086 1053 2162 electionem
1074 2107 1172 2163 traus-

203 2208 338 2273 eundum
362 2219 407 2273 est
427 2207 451 2273 ³.

245 2320 281 2383 ln
300 2319 406 2405 legatis
427 2316 618 2404 designandis
631 2320 763 2406 quisque
781 2320 960 2409 suffragium
981 2322 1091 2397 lenens,
1116 2346 1170 2389 an·

204 2441 328 2518 tequam
367 2430 545 2517 suffragium
575 2455 666 2497 suum
695 2433 831 2499 editums
856 2445 919 2518 est,
943 2436 1015 2521 jure
1038 2435 1173 2521 jurando

204 2542 351 2626 spondere
371 2542 482 2621 debet,
506 2526 660 2610 cditdrum
681 2546 758 2612 illud
780 2569 812 2612 so
831 2570 913 2624 esse,
932 2560 1085 2634 quantum
1098 2547 1173 2614 sciat

205 2665 376 2741 queatque,
398 2656 437 2721 ad
457 2657 654 2722 commodum
673 2659 789 2743 patriae
810 2659 1038 2744 procurandum
1056 2661 1081 2726 ⁸.

249 2767 422 2832 Praesentcs
437 2768 492 2834 soli
513 2791 654 2834 exercere
663 2770 714 2853 jus
732 2769 867 2857 suffragii
883 2781 1016 2856 possunt;
1032 2771 1174 2839 mandata

206 2899 266 2942 non
291 2877 494 2942 admittuntur
510 2878 535 2944 ⁵.
567 2880 700 2943 Electori
728 2880 809 2945 lacto
837 2881 952 2945 nemini
978 2882 1061 2947 illius
1081 2883 1174 2949 officii

206 2989 436 3072 praestationem
450 3011 589 3056 recusare
600 2991 682 3057 licet.
707 2992 939 3058 Excusationem
950 2993 1096 3080 praebere
1108 3005 1175 3062 tan·

207 3111 273 3164 tum
288 3112 413 3185 possunt
427 3104 564 3181 morbus,
584 3114 713 3169 testante
725 3104 855 3183 medico,
867 3117 961 3192 atque
969 3107 1106 3174 absentia
1118 3131 1174 3174 ne-

208 3213 366 3279 coartat.
407 3213 466 3279 Sed
491 3214 529 3280 ad
552 3215 708 3304 eligendos
728 3217 852 3304 legatos,
870 3217 971 3285 adsint
995 3230 1114 3305 oportet
1135 3221 1174 3287 ad

207 3326 371 3392 minimum
400 3327 490 3393 binae
514 3329 623 3395 tertiae
647 3331 849 3397 univcrsitatis
873 3333 1039 3398 electomm
1055 3345 1174 3420 partes;

208 3438 419 3505 deficientibus
437 3442 587 3525 pluribus,
603 3464 701 3507 noros
720 3441 785 3508 dies
801 3446 966 3510 conventui
981 3444 1176 3512 babendoest

168 3553 175 3569 '
208 3550 388 3617 indicendus
409 3549 433 3618 ⁷.
477 3554 659 3620 Renuntiari
684 3563 751 3619 tom
778 3555 921 3622 electioni
945 3566 1012 3622 tum
1030 3555 1176 3646 legationi

208 3663 400 3728 solummodo
411 3673 512 3750 potest
525 3661 556 3750 l)
570 3677 695 3752 propter
704 3667 938 3755 aegritudinem,
955 3678 1030 3734 teste
1044 3668 1175 3744 medico,

209 3775 242 3839 in
264 3775 395 3863 longum
413 3787 536 3862 tempus
560 3787 719 3864 aegrotum
736 3778 967 3865 impedituram
993 3778 1026 3867 2)
1046 3792 1175 3849 aetatem

245 3957 253 3990 ι
271 3958 334 4007 rara.
351 3957 365 4025 s
383 3957 424 4008 ιι.
559 3959 649 4010 anta.
667 3961 681 4028 o
699 3959 739 4011 aa.
860 3963 950 4015 arua.
968 3963 982 4030 o
999 3960 1041 4042 ts

244 4048 334 4099 arara.
352 4049 367 4115 a
385 4051 427 4113 rr,
721 4050 811 4102 rrsra.
829 4057 843 4122 ι
859 4053 901 4105 ιι.

245 4139 255 4172 ·
273 4142 333 4190 rua
351 4142 365 4209 a
382 4141 423 4193 ro.
719 4143 730 4176 τ
748 4145 809 4195 rara.
825 4146 839 4212 r
858 4147 898 4198 ιι.

992 4244 1030 4304 17
