2738 4740
742 497 788 559 36

275 680 420 767 adscripti
446 679 633 744 duceremur
652 678 673 741 ¹.
720 679 812 763 Cujus
837 688 938 741 tamen
967 676 1010 740 rei
1033 698 1092 740 unu
1111 679 1251 763 exceptio

278 792 409 858 notando
439 803 482 856 est
510 792 541 853 in
574 790 681 854 ordine
714 790 850 869 urbano,
882 788 1133 874 quondoquidem
1159 792 1251 855 nrbes

279 907 405 982 somus,
432 927 533 993 neque
557 925 661 968 omnes
681 902 797 989 ubique
818 912 962 967 coetuum
983 901 1106 965 honoris
1124 923 1251 987 compo·

277 1032 322 1084 tes
346 1017 507 1095 exstitisse,
541 1039 605 1102 quo
624 1017 657 1080 in
683 1016 787 1081 multis
820 1015 940 1080 scilicet
972 1015 1150 1102 regionibus
1180 1014 1252 1079 illue

277 1142 397 1197 tuntum
427 1131 539 1217 potitae
564 1131 645 1205 sint,
664 1128 778 1216 quibus
805 1150 887 1204 eum,
914 1128 982 1192 eliis
1008 1128 1069 1192 olio
1099 1139 1250 1214 ternpore,

277 1244 346 1308 felix
368 1245 489 1310 fortuna
520 1243 733 1316 concessisset:
759 1263 833 1317 nec,
863 1240 922 1305 nisi
949 1263 1005 1326 per
1027 1241 1250 1318 mundaturios,

276 1377 354 1444 quos
376 1356 409 1420 in
435 1377 622 1443 unaquaque
641 1377 658 1419 n
680 1353 904 1442 magistratibus
925 1354 1018 1417 moris
1035 1353 1130 1418 inerit
1150 1355 1252 1419 uomi-

277 1471 361 1548 nnri,
387 1468 487 1535 traditi
519 1469 576 1533 sibi
601 1468 681 1552 juris
718 1468 935 1532 exercitionem
971 1467 1091 1534 obiisse.
1148 1468 1252 1555 Atque

275 1584 357 1649 idern
379 1604 506 1670 quoquo
531 1582 728 1667 perspicuum
755 1580 807 1659 fit,
831 1581 886 1645 nbi
907 1579 1098 1645 deliberandi
1121 1603 1250 1646 consue-

275 1697 415 1762 tudinem
435 1693 640 1772 nttendimus,
664 1715 758 1781 quom
777 1695 860 1760 circu
880 1695 1075 1782 negotiorum
1096 1695 1154 1759 sibi
1180 1695 1252 1759 snb·

271 1810 425 1894 jectornm
454 1806 724 1892 pertractationem
761 1808 857 1871 secuti
887 1807 985 1871 ferme
1022 1816 1094 1871 sunt
1127 1806 1252 1871 ordines

275 1921 319 1985 illi
344 1920 554 2006 provinciales.
599 1920 739 2004 Namque
766 1930 883 1984 constat
913 1940 974 1985 non
998 1941 1071 1985 sane
1102 1941 1169 1986 earn
1201 1941 1251 1984 re·

276 2044 396 2119 ceptum
426 2032 507 2118 opud
535 2033 603 2096 illos
633 2032 782 2098 rationem
811 2032 922 2110 inisse,
954 2043 1008 2110 nt,
1043 2033 1083 2098 ab
1106 2031 1252 2097 omnibns

311 2234 318 2266 ¹
338 2236 367 2283 ln
384 2236 484 2300 singulis
500 2236 623 2285 ordinibus
639 2235 820 2284 fundumentum
838 2234 938 2299 bnjnsce
953 2236 1014 2299 iuris
1032 2236 1132 2284 liberent
1142 2251 1252 2299 sgrorurn

275 2329 444 2391 possessionem
467 2310 572 2375 bsbitsm
598 2327 671 2375 luisse
693 2345 722 2376 eo
745 2328 823 2376 minus
839 2336 875 2376 est
892 2327 957 2390 qnod
973 2328 1093 2390 miremur,
1112 2343 1161 2390 qno
1179 2328 1252 2390 msgis

276 2416 377 2480 constit,
395 2421 473 2468 omnis
490 2437 561 2483 prope
578 2420 622 2467 ills
635 2423 700 2483 jors,
718 2438 818 2483 quornm
836 2421 931 2470 nonsine
948 2421 978 2469 sd
995 2422 1161 2471 suctoritstesu
1175 2438 1252 2485 qusu-

276 2513 330 2561 dsus
346 2514 372 2561 in
389 2530 415 2561 re
432 2513 527 2576 publice
543 2515 702 2577 pervenerim,
719 2514 832 2578 originem
848 2531 877 2563 ex
887 2515 1109 2578 eqroruurdonsinio
1120 2516 1251 2578 repetiisse.

271 2607 318 2656 sie
341 2605 370 2652 sd
394 2607 553 2655 l’rselstosnrn
573 2606 677 2654 ordinem
694 2623 722 2655 es
739 2608 880 2670 pertinuisse
902 2609 1042 2658 elericorum
1059 2609 1162 2671 collegis
1179 2609 1251 2657 nori·

276 2715 337 2759 usus,
353 2699 440 2760 quibus
457 2698 609 2747 insnsobilinsn
622 2699 698 2746 libers
716 2709 849 2762 suppeteret
865 2702 993 2763 possessio,
1009 2702 1087 2751 veluti
1098 2702 1251 2763 monasteris,

275 2790 394 2852 sbbstiss,
413 2791 476 2853 ipsss
498 2791 569 2839 etism
587 2790 733 2840 eosdemiss:
751 2791 776 2840 in
793 2792 920 2855 pontificiis
944 2804 1022 2842 sutem
1039 2794 1177 2843 eiritstibns
1194 2803 1251 2843 ente

272 2900 355 2933 onnes
378 2883 506 2946 capitulum
531 2884 695 2946 episcopsleru.
724 2885 842 2947 Equestris
868 2901 925 2934 sero
950 2886 1040 2935 ordinis
1065 2903 1094 2935 es
1118 2886 1165 2935 init
1190 2903 1250 2934 eou-

275 2978 343 3040 ditio,
367 2988 393 3026 nt
414 2977 533 3027 societstis
550 2977 575 3025 in
592 2994 620 3026 eo
638 2978 762 3042 perticipes
779 2995 860 3027 onnes
877 2979 1022 3043 equestrium
1035 2995 1143 3043 agrorum
1155 2996 1251 3044 posses·

275 3087 339 3120 sores
361 3071 454 3120 nobiles
470 3069 624 3132 bsberentur,
642 3072 676 3119 sie
693 3080 771 3119 tsusen
788 3082 815 3119 ut
832 3088 902 3135 ssepe
917 3089 966 3121 uon
981 3073 1058 3122 omnis
1076 3073 1193 3122 nobilius
1207 3071 1249 3121 sed

273 3173 343 3212 retus
366 3174 457 3213 tsntnsu
480 3164 650 3227 sdsnitteretur,
676 3164 707 3213 sd
730 3166 798 3228 eujus
821 3165 912 3215 scilieet
935 3165 1095 3215 definitionem
1113 3168 1177 3216 slius
1194 3168 1250 3216 eliis

274 3258 300 3305 irs
324 3257 459 3320 regionibns
476 3260 588 3321 ussjornrn
609 3258 724 3306 nobilium
741 3274 853 3306 numerus
868 3260 1041 3321 requirebstnr.
1060 3261 1143 3324 Neque
1160 3277 1249 3324 eques-

268 3348 345 3396 ‹trinm
370 3349 515 3412 praediorum
540 3351 574 3399 sio
596 3351 659 3398 inter
682 3351 760 3398 rsrios
776 3350 876 3413 populos
901 3352 946 3399 sibi
971 3353 1032 3400 rstio
1058 3354 1199 3415 constsbst,
1222 3364 1250 3403 ut

274 3439 347 3500 suni,
373 3456 413 3502 per
438 3458 498 3504 quos
522 3441 635 3491 continno
660 3458 674 3489 s
698 3441 820 3490 nobilibus
845 3458 952 3505 possessu
970 3458 998 3491 es
1015 3444 1090 3494 luisse
1113 3456 1248 3510 oporteret,

274 3531 355 3579 esdesn
372 3533 460 3596 ubique
476 3536 613 3598 prsescripti
638 3543 717 3583 essent
733 3535 875 3583 multudine.
904 3536 1005 3585 letsbst
1021 3547 1100 3586 sutem
1118 3540 1200 3588 esdeus
1218 3541 1249 3588 de

220 3664 223 3671 ,
274 3640 381 3686 agrorum
400 3627 547 3686 possessione
570 3629 624 3691 lex,
646 3645 694 3691 qno
717 3629 794 3678 minus
817 3646 847 3677 ex
872 3627 972 3678 urbibus
997 3631 1089 3693 publici
1111 3643 1249 3681 conventus

270 3715 366 3777 juribus
398 3719 457 3767 slise
488 3712 611 3770 nter'entur
644 3731 715 3784 stque
749 3737 800 3782 ese,
827 3739 888 3784 quse
918 3724 1013 3786 proprio
1045 3725 1142 3774 nostine
1174 3727 1248 3775 urbes

274 3805 433 3856 lundeness'ne
450 3821 595 3861 rocsrentur.
630 3814 745 3874 Denique,
763 3812 826 3862 bsud
845 3815 914 3862 sliter
931 3825 1002 3877 stque
1020 3817 1046 3864 in
1064 3818 1166 3866 oseteris
1183 3819 1249 3866 ordi·

274 3894 362 3955 'libne
391 3900 417 3945 in
443 3905 536 3953 rusticis
559 3906 702 3968 postuletuns
733 3923 840 3969 sgrornrn
870 3907 998 3957 dominium
1021 3911 1165 3959 invenimus.
1210 3913 1246 3961 Εἰ.

274 3999 377 4047 nomn,
406 3991 543 4044 Gesobiebte
571 3998 612 4046 der
637 3999 754 4047 llentsobe
780 4001 1007 4065 Stsstsbirgerliobe
1034 4003 1155 4067 Preibeit,
1179 4006 1207 4053 l.
1225 4007 1247 4068 l,

170 4137 177 4146 ‚
276 4080 301 4127 P.
319 4078 338 4137 Ι,
348 4095 372 4142 p·
383 4076 423 4142 10,
434 4098 469 4146 sq.
486 4090 622 4150 rursusne,
635 4089 793 4140 St's'dtesreseu
803 4092 843 4141 des
851 4095 1014 4158 ldittelslters,
1026 4097 1053 4148 l.
1065 4097 1087 4158 l,
1096 4116 1120 4163 p.
1132 4094 1178 4158 2⁴,
1191 4115 1245 4161 sqq.

273 4179 480 4236 numentum,
496 4178 596 4228 Grnuds.
615 4181 638 4230 d.
657 4181 722 4231 bent.
740 4185 809 4233 Dent.
826 4185 926 4237 Stsstsr.
943 4187 1246 4255 §130‚nos.tesq152.
