2738 4740
347 796 397 863 lte
418 796 543 860 urbium
566 792 885 878 assimilatoramqne
911 788 1044 853 urbibus
1059 812 1229 879 pagorum

597 904 720 993 legatis
743 901 972 992 designandis.

348 1086 514 1170 Nequeunt
530 1103 602 1147 sene
620 1081 659 1146 de
679 1082 867 1145 urbanorum
890 1079 1049 1145 bominum
1071 1079 1276 1145 electionibus

307 1187 391 1263 recte
409 1195 541 1282 intelligi
559 1192 772 1278 aestimarique
792 1193 897 1279 legum
914 1202 1086 1278 praecepte,
1106 1192 1176 1268 nisi,
1204 1192 1275 1279 qui·

308 1312 379 1388 bus,
402 1321 557 1395 tamquam
578 1306 796 1382 fundamento,
821 1327 913 1369 omne
931 1305 984 1389 jus
1012 1325 1202 1390 omnemque
1228 1327 1275 1369 ra·

307 1426 422 1489 tionem
459 1420 593 1509 eligendi
624 1422 717 1485 unice
743 1429 949 1505 superstructa
981 1418 1165 1503 reperimus,
1202 1439 1276 1483 cou-

307 1536 453 1603 ditionem
475 1546 505 1600 et
523 1535 660 1599 instituta
682 1532 934 1616 municipiorum,
954 1541 1021 1594 tum
1043 1531 1278 1618 magistratuum

306 1648 421 1714 inillis
447 1646 698 1732 descriptionem,
729 1645 865 1730 ipsomm
892 1643 1028 1729 denique
1056 1643 1171 1708 civium
1197 1643 1278 1710 cirea

308 1784 373 1825 rem
393 1779 589 1824 communem
610 1755 832 1842 procurandum
858 1757 1082 1833 auctoritatem,
1101 1755 1189 1842 prius
1208 1758 1278 1822 bre-

308 1872 385 1936 viter
404 1870 704 1936 consideraverimus.
745 1869 834 1951 Quod
855 1869 937 1933 idem
956 1891 1053 1955 quum
1073 1868 1157 1934 houd
1174 1871 1278 1935 minus

308 1984 348 2049 de
372 1984 526 2049 ruralibus
551 1985 588 2048 iis
610 1983 707 2047 valent
732 1983 1014 2058 communionibus,
1042 2003 1177 2068 quarum
1203 2004 1279 2048 oon-

305 2097 478 2184 junctione,
495 2099 519 2162 si
531 2097 727 2184 popularium
737 2096 912 2161 institutum
924 2095 1134 2182 delegatorum
1150 2105 1281 2180 spectes,

310 2211 418 2275 ultima
438 2211 471 2275 in
496 2211 617 2276 civitate
645 2208 805 2274 hominum
830 2209 931 2275 classis
955 2209 1121 2285 efficiatur,
1147 2208 1280 2272 similem

309 2323 350 2387 de
383 2320 428 2385 bis
465 2344 590 2409 quoque
623 2321 850 2407 praemittamus
884 2320 1125 2407 disquisitionem
1157 2342 1282 2386 necesse

309 2434 466 2510 futurum,
490 2436 577 2498 alteri
601 2435 647 2499 illi
675 2457 711 2499 eo
739 2433 928 2500 commodius
951 2434 1063 2499 deinde
1087 2435 1283 2522 subjungen-

311 2543 402 2622 dam,
440 2566 503 2630 quo
532 2546 628 2632 magis
663 2558 693 2610 et
728 2547 892 2634 praecipua
921 2548 1072 2633 quaedam
1101 2548 1213 2634 placita
1244 2548 1281 2614 ad

312 2666 480 2743 utrumque
504 2655 563 2722 hoc
587 2680 684 2744 genus
707 2681 861 2745 peraeque
883 2660 1057 2724 reseruntur
1080 2670 1127 2772 et3
1158 2671 1283 2747 propter

312 2781 427 2835 aretum
467 2770 625 2834 ambarum
657 2772 789 2855 partium
816 2772 1090 2849 necessitudinem,
1125 2775 1283 2861 singulare

311 2881 447 2948 Bnrarici
465 2882 681 2970 legumlatores
703 2883 837 2948 edictum
859 2884 1018 2948 universae
1040 2882 1171 2969 hujusce
1189 2908 1282 2974 argu·

312 2998 408 3061 menti
429 2996 636 3061 constitutioni
657 2995 895 3061 destinaverunt.

356 3109 584 3174 Nobilissimum
604 3109 699 3197 igitur
716 3109 792 3173 illud
813 3108 946 3175 edictum
963 3110 986 3186 1,
1008 3110 1088 3196 quod
1105 3111 1199 3197 ipsius
1214 3133 1284 3198 pro-

348 3332 466 3396 ¹Legitur
489 3333 536 3381 boe
559 3331 660 3380 edictum
683 3333 722 3380 in:
747 3332 891 3381 Geretrblatt
912 3333 951 3380 iirr
968 3333 1010 3380 des
1027 3331 1171 3395 Ktinigreicb
1189 3333 1285 3393 Baiern,

315 3422 391 3489 1818,
409 3426 449 3474 N0.
466 3424 494 3487 l,
511 3443 534 3489 p.
553 3423 663 3481 49-96;
683 3434 732 3475 turn
748 3426 846 3473 maximi
859 3428 895 3474 rui
904 3437 970 3488 parte
980 3426 1041 3489 apud
1050 3440 1202 3488 squamae,
1215 3445 1255 3490 op.
1266 3428 1285 3476 l.

314 3521 340 3568 V.
360 3521 380 3578 l,
398 3517 428 3586 §§
447 3517 591 3582 tlt-118,
613 3538 637 3582 p.
656 3517 799 3578 ase-sse
823 3529 850 3568 ut
870 3520 939 3582 elios,
957 3522 998 3583 qui
1021 3521 1083 3569 illud
1101 3521 1287 3584 eucripseruat,

314 3622 441 3662 taceamus.
475 3619 552 3676 Atque
578 3613 641 3661 bunc
668 3614 839 3663 ordiustioueus
864 3615 1008 3678 respiciens,
1035 3616 1061 3662 iu
1085 3615 1204 3676 prooemio
1226 3616 1288 3679 legis

314 3707 422 3770 publicae
440 3707 532 3755 civibus
549 3723 574 3754 se
591 3705 722 3754 findimus
736 3723 778 3754 rex
793 3707 913 3769 professus
936 3717 987 3755 est:
1002 3707 1230 3770 »wiederbelebung
1246 3708 1289 3757 der

313 3800 524 3863 Gemeindektirper
549 3798 624 3847 durch
650 3799 688 3846 dis
705 3800 856 3862 Wietlergabe
874 3800 915 3848 der
931 3800 1082 3863 lemaltung
1099 3800 1141 3848 der
1157 3798 1197 3847 ibr
1214 3801 1290 3849 Wolrl

314 3893 426 3942 aunicbst
442 3893 607 3942 beribrenden
624 3893 867 3957 lugelegenbeiten.”
901 3899 991 3955 Ρὸιιτι,
1009 3895 1093 3956 Europ·
1111 3893 1212 3941 lerion.
1222 3893 1251 3941 V.
1268 3896 1293 3956 l,

316 3986 341 4032 P.
360 3986 380 4046 1,
397 4004 420 4046 p.
440 3983 498 4047 130,
517 3983 660 4033 ordinandis
678 3986 713 4032 rei
729 3985 878 4049 municipalis
889 3987 914 4033 in
927 3986 1025 4034 Bararit
1035 3985 1160 4033 consilium
1170 3985 1290 4046 referens,

317 4077 480 4125 »besonderr”
503 4078 581 4139 inquit
599 4077 697 4139 »gebest
714 4095 739 4126 es
756 4079 812 4126 aber
829 4096 858 4127 au
875 4079 921 4126 den
939 4078 1116 4127 uniterblicben
1133 4078 1291 4128 lendiensten

316 4167 454 4230 Biyrireber
480 4169 662 4232 Stertsmiaasr,
685 4170 738 4220 dm
755 4171 790 4219 sis
807 4173 908 4219 erkannt
925 4171 1018 4233 butten,
1035 4172 1089 4220 sine
1106 4172 1291 4235 incoluissige
