2738 4740
738 440 779 502 00

276 621 379 706 risque
396 641 571 706 persuasum
589 620 682 684 luerit
694 623 893 708 principibus,
912 623 943 688 in
964 625 1169 689 testimonium
1185 647 1246 690 non

275 745 394 798 tantum
415 732 551 818 supremi
569 733 688 817 imperii
710 736 888 799 secantibus
912 736 1164 822 acquisitionem,
1194 760 1248 800 re·

278 868 346 909 rum
368 846 518 910 sublatam
540 868 604 909 esse
627 845 769 910 ordinum
792 848 1003 911 auctoritatem
1024 848 1133 911 exinde
1153 849 1245 911 etiam

277 959 346 1022 satis
360 958 481 1044 probari
495 958 726 1035 affirmantibus,
739 959 832 1045 quod,
851 982 1122 1049 quorumcumque
1140 975 1246 1028 aucta-

277 1071 365 1135 ritata
385 1094 421 1136 ac
444 1072 537 1135 veluti
557 1072 650 1136 tutela
671 1072 866 1156 placitorum,
893 1073 1097 1151 decretorum,
1118 1077 1246 1139 institu-

278 1184 413 1261 tionum,
435 1185 561 1249 uomina
579 1184 706 1248 civitatis
727 1185 928 1249 Germanicae
944 1185 1110 1263 universae,
1126 1186 1248 1250 defensa

277 1295 350 1360 olim
372 1307 402 1358 et
419 1297 458 1360 ab
479 1296 561 1360 amni
584 1295 778 1382 aggressione
798 1296 950 1361 vindicata
969 1297 1057 1361 variis
1074 1297 1105 1360 in
1125 1298 1248 1382 proriu-

277 1409 332 1472 ciis
361 1407 505 1473 ordinum
529 1408 686 1494 pririlegia
714 1407 858 1486 luissent,
888 1406 1088 1473 haecomnia
1112 1411 1144 1474 in
1164 1432 1247 1474 com·

276 1521 364 1583 muni
391 1521 496 1607 legum
525 1519 731 1604 imperialium
759 1519 959 1584 exstinctione
985 1519 1208 1586 intercidissent
1226 1522 1248 1586 ¹.

275 1633 378 1718 Atque
400 1631 473 1697 buic
494 1633 750 1719 argumentationi
772 1632 853 1697 baud
876 1635 943 1698 loro
965 1635 1086 1719 pondus
1104 1635 1249 1700 accedere

276 1766 312 1807 er
336 1767 373 1809 eo
400 1744 570 1822 videbatur,
602 1745 685 1830 quad
711 1746 830 1830 inipso
855 1745 1132 1812 Conloederationis
1157 1749 1248 1824 Actu,

276 1858 418 1922 ordinum
447 1857 683 1942 provincialium
716 1880 755 1922 ne
782 1860 875 1923 verbo
903 1858 1029 1944 quidem
1062 1883 1249 1926 commemo·

277 1971 352 2033 ratio
389 1969 587 2034 occurrebat:
620 1990 828 2055 quamquam,
857 1972 881 2034 si
906 1973 1077 2036 conservari
1098 1995 1148 2037 eos
1167 1973 1249 2036 iuter

274 2083 398 2168 publica
424 2083 580 2148 ciritatum
611 2082 748 2146 instituta
779 2083 851 2148 socii
886 2085 1070 2160 voluisseut,
1102 2106 1138 2149 eo
1165 2097 1249 2150 certe

276 2198 344 2262 loco
372 2194 571 2282 significaturi
594 2194 669 2258 illud
694 2195 786 2258 luisse
807 2195 1029 2273 credebantur,
1053 2197 1106 2261 ubi
1130 2199 1249 2263 laturos

275 2299 477 2372 mediatorum
498 2308 647 2371 nobilium
663 2305 793 2373 honores
813 2322 956 2374 accurate
980 2310 1207 2396 descripsissent
1224 2312 1248 2377 ².

276 2424 435 2507 Denique,
469 2443 542 2486 cum
572 2423 602 2484 in
639 2421 776 2506 ejusdcm
803 2424 897 2487 Actus
923 2427 988 2489 Art.
1008 2428 1069 2502 26,
1099 2447 1248 2510 quasnam

276 2536 420 2620 publicae
448 2534 715 2600 administrationis
748 2549 846 2621 partes
874 2537 986 2601 summi
1015 2538 1135 2624 imperii
1164 2559 1248 2602 com·

311 2731 317 2763 ¹
338 2732 552 2792 Msnsmsascann,
571 2747 609 2792 op.
628 2730 646 2777 l.
663 2731 676 2794 d
696 2729 758 2787 14ος
778 2731 917 2792 11.r'1ssa,l.
936 2732 954 2778 l.
971 2730 1030 2780 ibid.
1050 2733 1248 2792 taurinatium,

275 2844 374 2891 quornm
400 2836 451 2874 erat
480 2827 535 2888 jura
564 2825 731 2886 privilegiaqne
764 2824 870 2872 ordinum
898 2824 1018 2873 vindicare
1048 2827 1172 2888 praecipua
1195 2827 1249 2874 loco

274 2919 424 2969 memoranda
441 2927 497 2966 sunt
514 2918 607 2980 inperii
624 2916 770 2966 Tribunalia.
795 2917 963 2965 decentissime
980 2917 1010 2965 de
1028 2917 1093 2966 hisce
1104 2920 1198 2981 juribus
1210 2929 1250 2967 tu·

276 3015 344 3063 endis
367 3023 445 3062 sctum
468 3013 546 3061 luerat
562 3014 587 3060 in
605 3011 777 3074 capitulatione
795 3011 910 3058 dilecturis
928 3010 1175 3074 (Wablcspitulationl
1194 3012 1250 3060 anni

277 3106 353 3168 1790,
372 3108 404 3169 ll,
423 3107 436 3173 p
453 3105 478 3154 3.
521 3107 659 3168 ldagnopere
684 3114 762 3152 autern
787 3103 931 3152 dissentiunt
955 3105 1001 3152 viri
1024 3104 1088 3152 docti
1112 3106 1141 3153 de
1166 3123 1249 3167 qnaes-

282 3201 357 3263 tione‚
373 3219 428 3248 nam
447 3217 527 3250 omnes
544 3201 640 3247 omnino
657 3199 750 3261 lmperii
767 3199 830 3261 leges
844 3199 895 3260 ipso
906 3198 1034 3247 liberasse
1046 3200 1170 3248 Societstis
1181 3209 1250 3263 pacto

279 3297 408 3359 abrogatae
425 3296 515 3344 luerint
533 3298 593 3355 lbet.
611 3294 657 3342 lib.
675 3293 740 3341 Conl.
759 3310 780 3339 s.
799 3290 825 3354 2)
844 3310 873 3339 an
887 3293 945 3340 illae
958 3295 1112 3356 permansisse
1123 3295 1251 3343 existimari

276 3389 387 3448 debeant,
398 3388 485 3449 quibus
500 3387 616 3434 variarum
635 3387 756 3433 nationum
771 3387 826 3446 jura
843 3395 891 3432 tum
908 3385 1002 3447 publica
1020 3395 1069 3432 turn
1084 3386 1252 3449 ciriliarespi-

276 3491 396 3543 cenentur,
405 3480 698 3542 quatennsaprineipibas
714 3495 820 3540 saprerna
839 3480 960 3527 utentibus
975 3488 1090 3541 potestate
1105 3480 1168 3527 baud
1185 3480 1251 3528 deia·

276 3591 331 3638 ceps
351 3574 482 3622 infirmatae
498 3573 606 3620 luissent.
629 3572 680 3620 tid.
691 3572 720 3619 de
738 3572 810 3619 hacce
827 3571 987 3620 controversia
1001 3578 1102 3633 manns,
1115 3573 1189 3620 Ueber
1204 3574 1250 3622 den

277 3669 384 3716 Unstnrs
403 3668 445 3714 der
461 3665 591 3715 deutschen
610 3666 827 3728 Staatsverlassung
845 3683 870 3714 u.
883 3684 902 3714 s.
921 3666 1021 3714 Eintluss
1038 3665 1081 3712 aul
1095 3665 1251 3730 dieQuellen,

279 3759 357 3823 1807,
375 3779 397 3822 p.
415 3760 710 3822 temperaturam:
729 3759 830 3814 Themis.
850 3756 1112 3821 a.1812‚p.2tr3‚sq.
1129 3767 1249 3821 wttxurr,

276 3854 362 3904 llhein.
391 3855 417 3901 R.
436 3855 521 3914 xxtt,
545 3872 567 3916 p.
586 3851 645 3909 222;
665 3867 711 3900 ror
730 3866 798 3915 ssao,
824 3870 862 3914 op.
882 3853 899 3901 l.
919 3853 957 3900 tt».
977 3851 1005 3908 ὃς
1031 3865 1150 3912 wissara,
1175 3872 1212 3915 op.
1231 3854 1250 3901 l.

276 3959 491 4005 sarasiniscum,
516 3965 554 4009 op.
581 3944 689 4011 l.gl92,
707 3955 758 3995 not.
775 3947 803 4006 k,
822 3945 835 4011 d
854 3943 921 4005 127,
939 3954 981 3994 not
998 3962 1036 4002 aar
1065 3945 1189 3994 Lehrbnclr
1209 3947 1251 3995 des

276 4037 411 4088 Deutscben
431 4039 526 4100 llechts,
544 4040 558 4105 d
576 4038 588 4087 l
610 4050 632 4087 et
650 4042 663 4104 (a
681 4039 722 4088 ll.

310 4131 321 4164 ²
339 4133 550 4196 Haustustsuuuu,
569 4132 669 4182 Grande.
687 4132 711 4180 d.
730 4132 795 4180 teat.
814 4133 841 4179 t).
860 4130 958 4181 Staatsr.
975 4133 988 4198 gt
1008 4128 1065 4193 149,
1084 4132 1122 4179 n't.
1141 4129 1166 4179 3.
