2738 4740
644 393 705 497 1¹56

194 623 310 688 ratione
331 618 444 696 habita,
463 619 526 704 ipse
545 639 599 703 per
620 639 652 681 se
670 615 791 700 juribus
810 613 871 678 frui
893 610 1048 689 eivilibus;
1074 609 1110 692 Ἃ)
1127 608 1159 672 iu

192 735 276 820 ipso,
299 754 362 820 quo
382 731 538 819 eligendus
555 732 603 808 sit,
621 729 759 794 districtu
785 728 912 813 plenum
931 723 1047 788 habere
1066 741 1160 787 usum

193 844 292 921 fundi,
308 843 391 909 unde
407 843 445 908 ad
464 843 555 907 vitam
574 840 740 906 liberaliter
757 836 908 926 agendam
924 834 1039 900 alletim
1057 833 1086 898 ei
1108 855 1161 897 rc·

192 955 313 1020 dituum
331 954 523 1040 suppeditet,
543 951 712 1019 seeundum
731 950 827 1016 aerios
849 930 1068 1012 aestimationis
1088 965 1159 1030 gru·

192 1068 250 1134 dus
275 1069 355 1135 circa
388 1067 571 1132 tributorum
600 1066 776 1150 pensionem
806 1061 1002 1138 constitutos,
1024 1078 1160 1146 quorum

193 1181 225 1245 in
249 1180 348 1246 edicto
368 1199 458 1264 super
481 1176 623 1241 ordinum
644 1174 773 1240 comitiis
793 1171 955 1258 descriptio
973 1171 1159 1249 continetur,

194 1293 227 1377 3)
238 1292 429 1379 trigesimum
441 1288 546 1354 aetatis
559 1308 675 1353 aunum
690 1286 870 1370 explevisse3
894 1282 926 1371 4)
940 1284 993 1348 uni
1007 1282 1047 1348 dc
1062 1282 1160 1347 tribus

192 1402 429 1468 Christianorum
453 1399 590 1466 formulis
607 1410 703 1463 semet
718 1396 897 1476 adsociasse;
923 1392 955 1482 5)
975 1395 1000 1459 si
1020 1415 1160 1482 unquam

197 1538 265 1581 reus
274 1513 417 1580 exstiterit
423 1512 533 1598 judicii
542 1509 774 1576 sirecrimiualis
782 1508 1037 1584 sirecorrectorii,
1043 1508 1161 1593 justam

194 1628 233 1694 ab
250 1619 287 1693 eo
307 1625 518 1692 liberationem
536 1623 688 1706 accepisse
698 1621 720 1688 ¹.
751 1622 783 1685 Si
802 1619 945 1685 acciderit
962 1629 996 1684 ut
1015 1619 1162 1684 ordinum

194 1739 302 1824 aliquis
321 1737 418 1801 socius
428 1737 582 1820 jacturam
599 1756 699 1820 passus
715 1735 753 1797 sit
772 1734 899 1797 istorum
915 1732 1162 1811 commodorum,

195 1871 326 1937 quorum
348 1848 437 1912 titulo
457 1847 576 1913 admitti
598 1847 630 1910 in
649 1846 815 1912 concilium
833 1845 976 1932 potuerit,
998 1857 1074 1930 puta
1089 1846 1162 1911 lun·

194 1962 324 2038 domm,
350 1959 469 2045 jurium
498 1958 738 2034 dominicorum,
775 1957 949 2043 pontificiae
982 1956 1163 2044 dignitatis,

194 2085 408 2162 perceptorum
426 2094 444 2136 c
462 2071 551 2159 gestis
565 2070 692 2158 negotiis
708 2068 930 2146 redituum,ch
945 2090 1051 2132 eorum
1070 2069 1165 2133 etiam

195 2186 436 2251 deminutionem
463 2193 603 2270 expertus
632 2183 690 2259 sit,
724 2203 803 2268 qnae
839 2181 953 2268 requiri
981 2192 1017 2245 ut
1043 2182 1166 2268 legatus

196 2299 264 2384 quis
286 2295 427 2363 constitui
444 2296 560 2381 possit„
574 2317 663 2380 supra
684 2292 830 2368 vidimus,
850 2313 920 2356 eum
940 2293 1079 2370 socium,
1096 2305 1166 2377 post

196 2409 445 2473 deliberationem
483 2428 518 2471 ca
543 2406 582 2470 de
613 2429 646 2470 re
678 2406 759 2491 apud
786 2405 951 2470 concilium
990 2405 1165 2470 institutam

198 2539 381 2605 causamque
406 2540 507 2583 asese
526 2530 716 2605 peroratam,
741 2540 879 2584 consessu
904 2541 971 2583 esse
994 2519 1167 2585 excluden-

197 2631 287 2710 dum,
309 2632 378 2718 lege
399 2630 574 2696 decernitur
597 2632 620 2696 ².

239 2743 413 2810 Notandum
439 2754 540 2808 autem
569 2753 632 2820 est,
659 2742 691 2807 in
717 2739 811 2807 hacce
838 2744 906 2831 lege
930 2745 1055 2830 publica
1075 2746 1165 2810 reci-

198 2857 328 2944 pienda,
350 2856 394 2921 illi
415 2856 502 2944 regni
516 2854 652 2921 Βιιιιήοί
671 2855 855 2941 provinciae,
876 2877 957 2942 qnae
975 2857 1168 2921 Francorum

198 2969 355 3056 quondam
392 2967 590 3033 dominationi
629 2967 784 3052 subjecta,
813 2988 894 3032 anno
923 2968 1050 3032 demum
1079 2971 1166 3035 1816

199 3083 344 3169 aequisita
380 3080 581 3168 Rhenanique
610 3081 718 3146 circuli
747 3080 857 3145 deinde
885 3080 1036 3146 celebrata
1063 3068 1169 3146 suerat

199 3194 419 3281 appellatione,
451 3205 575 3280 propter
602 3194 822 3258 nonnullorum
847 3193 878 3256 in
901 3215 935 3258 ea
949 3193 1028 3278 juris
1047 3195 1168 3278 publici

199 3318 449 3394 argumentorum
478 3304 772 3384 dissimilitudinem,
805 3305 953 3372 diversam
989 3329 1118 3393 quoquc
1148 3331 1167 3374 a

126 3452 131 3459 ³
200 3419 325 3486 caeteris
353 3418 517 3506 provinciis
549 3416 754 3483 conditionem
782 3417 944 3504 obtigisse,
964 3418 1005 3482 ita
1027 3418 1168 3499 scilicet,

200 3545 253 3611 ut,
276 3532 360 3620 quod
386 3530 425 3597 ad
446 3532 552 3608 illam,
577 3529 725 3617 quaedam
755 3530 838 3595 istius
868 3530 944 3616 legis
970 3530 1081 3617 placite
1113 3544 1170 3597 ant

236 3742 322 3793 ¹lbid.
340 3744 358 3792 l.
376 3758 397 3791 o.
415 3742 429 3808 ᾗ
448 3739 487 3789 12.

232 3833 321 3884 ¹lbid.
340 3836 357 3884 l.
376 3851 397 3884 o.
414 3835 428 3901 ᾗ
447 3833 488 3884 ll.
523 3833 650 3882 Decedenti
673 3835 744 3882 telam
772 3833 803 3882 ob
828 3850 921 3882 οιιιιιιιι
949 3835 1027 3896 legato
1059 3833 1170 3884 eunden

201 3928 359 3977 sufficiendu-
376 3943 427 3976 esse
444 3927 566 3989 riarium,
583 3927 624 3990 qui
634 3929 720 3976 nortui
730 3927 808 3976 locum
820 3927 970 3990 suppleturus
987 3926 1070 3974 luisset
1088 3926 1113 3992 (ᾗ
1124 3924 1170 3990 ll)

201 4021 311 4070 ᾱοοωιιι
327 4021 408 4071 Edicto
425 4020 453 4069 de
468 4029 586 4069 maseato
607 4019 715 4068 ordinum
732 4019 806 4084 (etio
824 4020 880 4067 fiber
897 4019 934 4067 die
954 4018 1171 4069 Stindevemron-

201 4112 269 4197 long)¹
285 4112 308 4160 d.
324 4110 358 4160 26
374 4113 429 4177 llaji
447 4109 523 4175 1818,
540 4113 584 4163 lit.
602 4113 622 4174 l,
640 4112 653 4177 p
671 4109 714 4162 ⁴8.
