2738 4740
741 457 784 520 tn

285 662 435 728 quorsum
452 640 567 707 scilicet
586 638 733 726 pertinuit
750 639 833 727 quod
847 639 965 727 legibus
988 640 1119 704 universi
1142 641 1257 726 pariter

285 757 405 821 incolae
431 755 599 842 constringi
628 754 771 819 omnibus
795 753 983 839 jubebantur
1002 752 1025 830 ¹,
1049 753 1133 839 quod
1153 776 1255 819 sacro-

287 890 356 932 rum
388 867 480 953 plena
509 867 702 932 sanciebatur
729 866 852 931 libertas
871 865 903 943 ²,
931 863 1015 952 qnod
1042 863 1171 930 feudalis
1202 867 1257 930 illa

287 982 472 1047 rusticorum
485 982 613 1047 servitur
627 983 749 1065 penitus
766 980 930 1045 tollebatur
939 979 964 1057 ³,
983 978 1133 1044 nobilium
1150 991 1256 1044 antem

285 1095 463 1181 privilegia,
487 1094 610 1159 serratis
628 1115 735 1158 eorum
756 1094 852 1159 titulis
870 1092 1095 1181 gradibusque,
1114 1094 1255 1180 abroga-

286 1208 399 1272 bantur
415 1207 448 1284 ⁴,
478 1209 511 1271 in
539 1229 573 1270 re
594 1227 686 1293 porro
711 1205 882 1282 tributaria,
904 1203 986 1270 baud
1002 1205 1089 1270 aliter
1109 1215 1203 1290 atque
1222 1206 1257 1268 in

286 1318 412 1384 caeteris
431 1318 548 1405 publici
563 1319 642 1402 juris
664 1317 920 1405 obligationibus,
936 1339 1042 1404 parem
1058 1339 1163 1382 ornnes
1180 1339 1257 1382 con·

286 1429 436 1496 ditionem
461 1430 715 1497 nanciscebantur
736 1430 766 1508 ⁵,
788 1429 942 1515 praediale
965 1428 1100 1516 denique
1124 1430 1258 1518 vectigal

266 1546 327 1608 ¹no
346 1544 487 1632 quintam
512 1554 716 1629 proventuum
741 1553 859 1629 partem
878 1565 1022 1628 superare
1044 1543 1150 1608 liceret
1169 1566 1256 1608 care·

285 1654 377 1719 batur
395 1656 423 1718 ⁶:
461 1655 495 1719 in
528 1655 640 1720 civium
674 1667 776 1721 tarum
808 1657 1083 1742 repraesentatione
1112 1657 1258 1742 antiquae

287 1766 430 1830 ordinum
447 1766 620 1831 auctoritati
636 1767 846 1833 substituenda
860 1790 928 1833 eam
947 1768 1027 1833 riam
1044 1769 1173 1856 ingressi
1187 1779 1258 1834 sunt

287 1878 486 1963 Napoleontei
510 1879 745 1964 legumlatores,
769 1901 829 1966 qua
851 1881 952 1965 specie
972 1880 1097 1966 quidem
1116 1881 1187 1946 satis
1207 1883 1258 1968 agi

287 1989 452 2055 liberaliter
473 2011 545 2054 cum
567 1989 765 2074 popularibus
794 1992 966 2074 rideretur,
994 2014 1099 2078 reapse
1123 2015 1195 2058 vero
1217 1994 1259 2059 ad

287 2101 378 2167 unius
405 2101 581 2187 imperantis
602 2103 788 2168 voluntatem
809 2105 942 2188 plurima
965 2105 1161 2182 referrentur,
1183 2106 1259 2171 eivi-

286 2215 345 2279 bus
363 2226 447 2280 certe
467 2215 594 2280 minime
611 2215 738 2303 insignis
759 2217 844 2282 loeus
869 2215 902 2279 in
924 2216 1122 2303 gubernanda
1145 2241 1178 2283 re
1198 2241 1258 2305 pu·

287 2327 367 2393 blica
390 2328 618 2393 concederetur.
675 2330 796 2394 Etenim
821 2330 957 2394 centenis
992 2328 1123 2394 universi
1151 2333 1259 2417 populi

288 2459 411 2503 causam
430 2438 541 2502 acturis
566 2439 777 2520 mandatariis,
810 2462 961 2527 quorum,
983 2443 1071 2506 tertia
1099 2444 1147 2506 sui
1171 2456 1260 2529 parte

287 2550 416 2636 singulis
433 2550 570 2614 trienniis
582 2550 814 2630 decedentium,
830 2576 865 2618 ex
880 2575 1025 2640 agrorum
1040 2557 1259 2639 possessoribus

287 2660 374 2748 seligi
401 2662 558 2746 oportebat
586 2672 807 2750 septuagenos,
838 2688 873 2729 ex
904 2664 956 2743 iis,
983 2666 1038 2752 qui
1069 2680 1259 2735 mercaturae

288 2796 429 2840 rerumve
446 2774 569 2841 utilium
586 2774 776 2841 lubricationi
790 2799 913 2862 operam
928 2778 1151 2865 impenderent,
1164 2783 1258 2867 quin·

287 2886 381 2952 denos
413 2887 602 2975 totidemque
630 2910 667 2952 er
698 2890 888 2955 eruditorum
919 2893 1053 2957 viromm
1089 2894 1259 2961 aliorumve

286 2999 368 3064 bene
385 3001 424 3065 de
444 3000 540 3086 patria
563 3001 741 3065 meritorum
765 3002 878 3067 civium
892 3005 987 3069 classe
1001 3004 1023 3069 ⁷:
1045 3007 1258 3093 gravissimum

287 3134 358 3176 sane
379 3111 489 3177 horum
508 3112 764 3199 designandorum
789 3114 940 3192 officium,
960 3117 993 3181 in
1023 3120 1112 3201 cujus
1140 3119 1258 3187 scilicet

287 3222 462 3288 delinitione
479 3224 673 3310 popularium
692 3225 724 3288 in
744 3225 943 3311 gubernanda
964 3228 1086 3294 civitate
1105 3231 1259 3298 efficaciae

287 3336 330 3398 sis
351 3337 449 3399 omnis
474 3348 567 3421 atque
587 3335 663 3400 ratio
690 3349 884 3416 cerneretur,
915 3339 1107 3407 instituendis
1126 3345 1160 3407 in
1179 3367 1257 3410 una·

287 3469 411 3533 quaque
442 3447 596 3533 provincia
625 3447 883 3536 (departemont)⁸
912 3453 1049 3541 collegis
1073 3455 1257 3522 attributum

322 3761 329 3791 ¹
346 3763 424 3811 Currat.
444 3765 477 3813 du
494 3766 546 3813 nme
563 3767 593 3813 de
610 3767 764 3832 Westpbalie‚
784 3775 833 3819 lrt.
853 3770 893 3820 10.

320 3850 331 3880 ²
349 3854 403 3900 Eud.
420 3857 499 3906 Const.
518 3858 576 3905 ibid.
774 3860 858 3911 iliad.
876 3864 955 3915 Coust.
973 3873 1024 3916 Art.
1044 3869 1084 3919 13.

322 3939 404 3990 iliad.
422 3948 500 3996 Const.
519 3953 569 3996 tat.
589 3948 629 3996 lt.
775 3952 785 3985 ⁵
803 3956 858 4003 Eud.
875 3955 954 4006 Const.
973 3963 1025 4010 brt.
1044 3960 1084 4010 lb'.

320 4030 331 4059 ’ἶ
349 4034 403 4080 11ιά.
422 4037 499 4086 Const.
519 4044 568 4086 Art.
590 4039 628 4087 16.
777 4046 784 4077 ’·
806 4049 861 4096 lind.
878 4049 956 4099 Const.
975 4055 1036 4102 tart.
1055 4052 1088 4103 29
1105 4064 1129 4104 et
1145 4055 1188 4104 30.

322 4130 329 4153 ἰ
349 4124 403 4172 End.
421 4126 497 4177 Const.
518 4136 565 4178 tu.
584 4130 626 4180 34.
