2738 4740
668 507 710 569 35

205 687 325 764 viribus,
349 690 380 751 in
404 710 509 752 carum
529 708 631 751 rernm
653 688 901 772 procurationem
921 688 1099 754 incumbere
1121 712 1172 753 eos

202 800 370 884 oportebat,
399 821 479 886 quae
508 800 677 864 arctissimo
703 799 827 863 vinculo
859 822 928 864 cum
961 804 1171 869 universorum

202 912 383 996 conjunctae
407 922 505 976 essent
523 912 676 977 felicitate.
715 910 803 976 Unde
818 912 933 976 iactum
953 926 1007 992 est,
1028 927 1071 993 nt,
1091 937 1172 1003 quo-

202 1027 255 1089 ties
273 1025 422 1110 ejusmodi
442 1025 478 1088 iis
496 1024 671 1091 tractandae
689 1027 880 1111 quaestiones
896 1025 1035 1103 fuerunt,
1053 1029 1085 1091 in
1103 1029 1172 1113 qui·

200 1138 257 1202 bus
278 1159 340 1203 non
360 1139 476 1223 privata
496 1159 543 1201 res
564 1135 657 1219 hujus
675 1137 798 1201 illinere
817 1136 981 1213 ordinum,
1005 1138 1056 1202 sed
1080 1160 1174 1203 cuno·

201 1261 302 1314 torum
322 1250 436 1335 pariter
461 1249 537 1312 serti
564 1248 761 1313 commodum
788 1249 950 1326 rideretur,
974 1249 1012 1313 ad
1038 1271 1170 1336 quarum

201 1385 298 1449 genus
310 1374 375 1426 tum
387 1362 460 1426 alias
474 1362 644 1439 referimus,
664 1372 730 1425 tum
747 1362 823 1439 illas,
834 1383 915 1447 quae
934 1362 972 1427 ad
987 1384 1032 1427 rcs
1043 1384 1170 1451 qnoque

200 1485 340 1559 temporo
372 1496 444 1539 cum
471 1475 580 1538 exteris
607 1474 780 1540 nationibus
799 1473 950 1562 gerendas
974 1475 1171 1560 pertinerent,

199 1588 281 1652 bene
300 1588 365 1652 fere
389 1587 433 1651 illi
460 1588 499 1653 de
518 1589 612 1673 patria
640 1589 758 1675 quique
785 1611 837 1654 sua
872 1591 1019 1654 meruisse
1050 1589 1173 1654 dicendi

199 1703 260 1766 sint
282 1702 478 1787 multumque
499 1723 535 1765 ex
555 1699 614 1766 hoc
639 1701 779 1766 instituto
803 1703 836 1766 in
853 1701 945 1767 totius
965 1703 1009 1767 rei
1029 1702 1172 1788 publicae

198 1813 325 1878 salutem
344 1813 484 1878 utilitatis
503 1811 728 1878 redundaverit.
774 1813 815 1877 At
835 1811 923 1890 baec,
945 1812 1089 1879 siderei
1111 1837 1171 1880 ra·

197 1926 261 1990 lent
281 1926 448 2003 effectibus,
466 1912 652 2013 principium
675 1926 742 2010 ejus
760 1947 925 2013 veramque
946 1938 1087 1992 naturam
1108 1931 1168 1992 mi·

196 2039 280 2105 nime
304 2041 481 2126 respiciunt,
508 2062 580 2105 cum
609 2061 682 2104 saue
704 2050 839 2116 constet,
862 2041 1004 2126 antiquos
1026 2041 1094 2105 illos
1118 2063 1170 2106 or-

196 2152 282 2218 dines
302 2155 357 2229 sic,
375 2155 414 2218 ab
433 2153 552 2239 origine
571 2152 655 2229 inde,
667 2151 812 2216 distincta
823 2151 960 2236 singulos
973 2162 1171 2238 separataque

196 2291 213 2332 a
234 2291 266 2332 se
293 2268 426 2333 invicem
450 2266 585 2332 effecisse
604 2267 688 2330 velut
707 2286 844 2351 corpora,
870 2275 905 2330 ut
923 2264 983 2330 alio
1003 2275 1097 2352 atque
1115 2288 1170 2331 suo

104 2374 110 2385 ’
197 2381 321 2446 nominc
358 2382 390 2444 in
425 2391 597 2446 conventus
633 2380 774 2465 publicos
806 2377 910 2444 venire
939 2378 1055 2444 censeri
1082 2380 1169 2445 nullo

197 2492 287 2558 modo
297 2495 464 2579 potuerint,
485 2493 601 2558 nedum
620 2494 754 2558 universi
771 2493 878 2578 populi
896 2515 1019 2560 cauum
1031 2493 1167 2580 aliquam

195 2606 344 2692 agendam
369 2608 428 2671 sibi
451 2607 607 2693 suscipere
632 2607 654 2673 ¹.
712 2609 783 2688 Quo
811 2607 915 2671 minus
939 2609 1023 2672 enim
1054 2605 1093 2671 de
1120 2629 1168 2670 re·

195 2719 452 2805 praesentatione,
475 2719 574 2806 qualis
603 2742 637 2784 ca
669 2729 751 2787 certe
772 2717 864 2783 hodie
886 2718 1060 2805 effingitur,
1079 2719 1167 2805 cogi-

195 2844 304 2910 temus,
318 2834 364 2898 rel
383 2856 419 2899 eo
435 2832 644 2920 prohibemur,
657 2831 741 2919 quod
760 2854 800 2897 ne
821 2831 878 2918 ipsi
899 2831 1026 2918 quidem
1046 2830 1166 2896 ordines

194 2946 313 3040 selectis
333 2968 351 3010 a
374 2968 438 3010 sese
460 2942 656 3012 mandatariis
677 2957 777 3032 partes
799 2967 866 3009 suas
892 2942 924 3008 in
944 2943 1082 3008 coetibus
1108 2964 1166 3027 pu·

193 3057 283 3123 blicis
304 3059 489 3146 peragendas
513 3060 594 3125 soliti
613 3060 726 3124 luerint
747 3057 950 3134 committere,
970 3078 1078 3121 rerum
1098 3078 1168 3121 om·

195 3172 286 3236 nibus
312 3182 465 3259 quotquot
491 3172 635 3238 ordinum
661 3181 823 3237 uterentur
849 3170 994 3235 societate
1013 3170 1079 3255 ipso
1095 3168 1168 3254 jure

194 3283 358 3372 contigerit
387 3295 422 3349 ut
460 3284 673 3351 obeundarum
709 3281 967 3348 deliberationum
1003 3281 1165 3368 pendenti-

194 3420 312 3486 umque
330 3396 402 3463 inde
415 3399 536 3484 jurium
556 3396 797 3464 exercendorum
818 3396 981 3483 participes
1008 3395 1166 3461 haberen-

193 3523 260 3593 tur,
284 3511 453 3578 dnmmodo
472 3535 508 3580 ea
527 3513 564 3578 iis
586 3514 687 3580 omnia
708 3511 865 3591 adessent,
889 3512 1002 3600 quibus
1020 3509 1166 3575 delicien-

192 3627 289 3705 tibus,
324 3628 349 3692 si
377 3626 416 3692 de
446 3627 640 3693 comitiorum
671 3637 815 3716 ageretur
845 3626 1010 3702 facultate,
1046 3625 1094 3690 sel
1120 3625 1167 3689 illi

192 3738 301 3818 ordini,
329 3739 419 3824 cujus
441 3750 598 3806 metemm
618 3739 782 3826 implerent
810 3737 1015 3815 conditiones,
1038 3737 1165 3803 minime

227 4025 234 4057 ¹
253 4029 382 4086 tremam,
400 4027 426 4073 t.
437 4022 574 4091 llt‚§t2l,
587 4032 637 4071 nor.
648 4040 671 4084 a,
686 4041 709 4085 p.
723 4019 784 4083 225,
795 4038 830 4084 sq.
841 4023 854 4087 q
864 4018 923 4082 42⁵,
934 4037 957 4084 p.
970 4017 1029 4079 23&
1049 4034 1163 4082 rausero,

193 4121 248 4167 lon
266 4119 400 4169 Deutsehen
417 4119 488 4182 rdet,
504 4121 568 4167 (ἔδυ.
588 4115 665 4180 1803,
683 4134 706 4181 p.
726 4114 768 4179 43,
779 4132 832 4180 sqq.
850 4115 1163 4177 nannumtttmffirund·

193 4217 254 4262 altae
271 4213 313 4262 des
328 4211 395 4262 beat.
411 4212 546 4263 mirate·
563 4212 661 4262 stanter.
679 4211 692 4278 d
713 4208 772 4273 lat,
789 4221 839 4261 aot.
858 4213 883 4260 l.

985 4309 1033 4368 3*
