2738 4740
651 469 715 533 259

198 671 291 713 annos
297 649 361 732 jam
374 646 505 726 durarit,
518 644 643 712 efficere
650 657 759 733 potest,
773 647 854 712 utin
864 659 1031 736 utrumqne
1043 661 1165 716 coetum

199 763 266 851 quis
281 763 374 848 possit
388 761 531 839 adscribi,
547 760 678 845 exceptis
691 759 794 825 fundis
806 760 854 837 iis,
872 780 952 846 quae
966 761 1167 829 haereditario

198 876 354 940 nominee
373 893 532 960 quoquam
543 871 761 959 possideantur.
784 873 822 937 ln
838 873 1050 958 computandis
1062 887 1166 942 autem

197 989 293 1053 tribus
313 987 418 1064 annis,
431 996 652 1052 annumeratur
662 1006 788 1073 quoque
805 997 925 1073 tempus
940 986 1017 1053 alins
1032 989 1168 1074 ejusdem

198 1102 316 1188 generis
339 1099 454 1185 praedii
478 1100 517 1164 ab
544 1099 651 1165 eodem
677 1120 845 1185 possessore
866 1110 955 1165 antea
984 1101 1124 1186 occupati
1143 1102 1168 1170 ¹.

197 1215 349 1298 ltespectu
367 1213 575 1298 praediorum,
587 1234 669 1300 quae
689 1213 851 1278 moralium
867 1234 1064 1299 personarum
1087 1226 1169 1294 sunt,

197 1323 453 1390 administratores
464 1325 521 1390 rite
529 1325 833 1413 constitutisuffrsgia
843 1325 924 1389 serre
934 1324 1057 1405 debent,
1066 1347 1169 1414 neque

199 1447 300 1502 tamen
314 1438 363 1502 rel
379 1438 419 1503 ob
431 1460 498 1504 eam
509 1460 630 1504 canum
643 1434 801 1526 legationis
815 1459 942 1523 capaces
955 1437 1021 1504 beri
1032 1450 1168 1526 possunt.

196 1549 349 1637 Gonjuges
364 1561 536 1638 patresque,
556 1551 670 1637 quibus
686 1550 876 1615 ususfructus
891 1551 1037 1638 competit
1055 1550 1168 1619 lundo-

198 1684 279 1738 rum,
287 1662 326 1726 ab
338 1645 481 1727 uxoribus
490 1662 697 1726 liberisvesnis
707 1682 924 1747 possessorum,
934 1662 1070 1752 suffragii
1080 1665 1170 1730 latio-

197 1795 268 1838 nem
277 1773 402 1861 quidem
413 1773 535 1851 habent,
545 1795 653 1838 rerum
663 1773 796 1861 eligiipsi
806 1786 965 1861 propterea
976 1777 1168 1864 nequeunt².

239 1887 306 1951 Non
323 1899 558 1972 compensantur
574 1887 756 1954 electoribus
776 1888 920 1954 itinerum
941 1901 1095 1976 sumptus,
1113 1909 1168 1957 ne-

197 2003 342 2066 cessariae
364 2023 452 2079 vcro,
473 2024 546 2066 cnm
563 1999 623 2068 boc
642 2002 742 2067 officio
760 2003 947 2085 conjunctae
956 2003 1115 2088 pensiones
1132 2025 1168 2068 ex

195 2113 312 2178 aerario
337 2113 463 2199 publico
482 2114 697 2198 persolvuntur
708 2113 731 2179 ³.

649 2294 720 2375 §a

236 2423 423 2513 Praecepta
445 2424 638 2512 singularia
660 2426 702 2490 de
723 2426 887 2515 els'gends‘s
903 2448 1131 2515 possessorum

529 2538 679 2602 tonomm
699 2539 833 2625 legatis.

240 2673 286 2737 Ad
305 2674 358 2758 jus
376 2674 513 2761 suffragii
536 2674 618 2741 circa
638 2675 821 2763 legationem
844 2678 974 2740 altemm
995 2677 1166 2742 incoctum

197 2787 344 2874 equestris
361 2787 477 2873 praedii
489 2788 650 2873 possessori
662 2788 913 2874 comparandum,
926 2799 1046 2873 praeter
1058 2789 1168 2877 vulga·

197 2901 239 2964 ria
258 2900 295 2964 ad
317 2900 454 2987 suffragii
472 2900 616 2995 lationem
639 2900 801 2986 requisita,
826 2922 902 2986 opus
925 2911 1046 2966 tantum
1065 2912 1120 2980 cst,
1133 2914 1169 2966 ut

196 3009 365 3076 dominium
379 3014 448 3100 quis
465 3012 575 3078 habeat
595 3013 669 3078 boni
687 3014 847 3100 equestris,
871 3015 958 3079 nullo
979 3025 1035 3079 aut
1047 3013 1166 3101 magni·

197 3122 310 3187 tudinis
330 3123 455 3209 praedii,
478 3134 532 3189 aut
550 3124 715 3190 nobilitatis
735 3124 972 3212 ignobilitatisre
992 3126 1167 3211 possessoris

182 3236 371 3315 ,ducamine
385 3236 490 3303 babilo
498 3238 521 3304 ⁸.
543 3238 615 3318 Sed,
636 3249 672 3303 ut
690 3238 783 3324 possit
799 3239 869 3324 quis
884 3239 1032 3324 equestris
1053 3236 1167 3302 ordinis

197 3351 313 3436 legatus
337 3349 370 3414 in
391 3351 524 3415 alterum
539 3362 660 3416 coetum
670 3351 824 3427 constitui,
836 3350 981 3436 possessio
1001 3348 1168 3435 requiritur

196 3462 311 3548 praedii
339 3463 488 3550 equestris
510 3463 670 3548 ejusmodi,
698 3463 784 3529 unde
810 3485 948 3529 annuum
971 3461 1166 3528 ³tbaleromm

195 3575 233 3642 ad
252 3577 416 3641 minimum
435 3587 647 3642 sexcentorum
665 3576 780 3643 reditus
793 3576 980 3663 percipiatur
991 3575 1015 3640 ⁶.
1036 3576 1168 3639 Tantum

196 3686 388 3775 proprietarii
419 3689 552 3757 feudales
582 3688 772 3777 (beliebsner
793 3684 1026 3778 lligentbnmer)
1051 3685 1168 3773 praedii

195 3801 326 3887 alicujus
354 3803 501 3889 equestris
534 3801 668 3891 eligendi
699 3803 948 3891 legationemque
982 3797 1166 3884 suscipiendi

196 3915 372 3982 facultatem
390 3917 460 4005 lege
479 3915 656 3982 obtinerunt
669 3917 693 3982 θ.

201 4036 370 4046 -ι--ῄ

232 4076 239 4107 ¹
258 4076 319 4126 nu.
337 4079 352 4144 o
368 4076 411 4127 22.
582 4077 593 4109 ¹
611 4077 673 4139 nra,
692 4077 706 4144 s
723 4075 766 4126 ss.
918 4073 929 4107 ³
946 4073 1008 4123 nia.
1025 4072 1040 4140 s
1056 4069 1099 4120 st.

230 4166 240 4199 ⁴
258 4169 318 4218 rua.
335 4169 349 4236 o
366 4167 407 4220 ss.
584 4169 673 4220 *uss
689 4171 704 4239 o
720 4167 764 4219 se.
920 4165 930 4198 ·
947 4166 1009 4216 osa.
1026 4166 1040 4232 o
1056 4163 1099 4214 27.

966 4263 1005 4324 17
1018 4263 1037 4304 ’⁵
