2738 4740
610 452 667 515 ror

151 639 223 726 psiis
242 638 265 706 ¹.
294 638 330 703 ln
349 637 417 724 lego
431 635 659 711 Pomeranensi‚
678 633 718 699 de
739 634 925 699 urbanorum
945 634 1112 700 electorum
1186 698 1191 707 ,

151 752 297 838 qualitate
319 749 398 815 nibil
415 768 552 834 expresse
574 746 726 812 munitum
744 745 929 811 invenimus:
956 747 1001 811 ibi
1019 747 1117 834 igitur

151 862 372 930 recurrendum
389 861 428 926 ad
446 880 611 925 commune
623 861 789 946 placitum,
822 858 927 923 eadem
954 859 993 923 iis
1014 859 1118 925 adesse

151 974 279 1053 debere,
296 995 379 1061 quae
395 972 504 1038 futuris
528 972 636 1059 legatis
662 982 733 1036 suut
753 969 956 1056 praescripta,
987 970 1119 1058 exeeptis

150 1088 276 1175 triginta
286 1104 436 1150 annorum
450 1095 548 1149 aetate
566 1104 602 1148 ac
615 1083 800 1170 possessione
818 1081 978 1148 decennali
989 1080 1015 1149 ⁸.
1030 1082 1118 1149 ldem

151 1198 272 1265 raletin
284 1195 439 1262 Rhenanis
451 1194 613 1282 provinciis
629 1193 873 1280 achstpbalid‚
884 1193 918 1259 iu
937 1192 1052 1281 quibus
1069 1205 1119 1260 la-

152 1330 245 1387 men,
263 1307 351 1371 sicuti
365 1308 547 1374 rusticorum
566 1308 663 1386 eleni,
683 1308 726 1374 itu
736 1307 862 1373 urbanis
877 1308 968 1372 etiarn
975 1303 1118 1371 bomini-

152 1422 212 1486 bus
239 1422 341 1486 minus
368 1423 468 1507 ampla
489 1420 682 1508 praediomm
699 1420 842 1508 possessio
859 1420 898 1485 ad
915 1420 967 1506 jus
985 1417 1120 1507 eligendi

154 1533 355 1599 obtinendum
373 1554 467 1620 quam
488 1533 527 1598 ad
541 1534 724 1621 legationem
744 1531 967 1618 suscipiendam
984 1530 1124 1616 injuncta
1142 1519 1145 1526 ³

153 1645 222 1723 luit,
234 1646 295 1730 ipsa
305 1645 417 1731 pariter
426 1645 620 1710 ulterioribus
630 1643 871 1711 ordinationibus
881 1641 1123 1711 constituends⁸.

153 1759 311 1824 Caeterum
333 1776 471 1844 expresse
488 1757 532 1822 ibi
552 1757 703 1844 jubentur
723 1757 804 1822 cites
821 1759 900 1842 juris
919 1756 1054 1847 eligendi
1072 1774 1123 1824 cs·

154 1889 243 1956 paces
261 1869 431 1956 legatorum
446 1868 685 1933 nominationem
696 1868 938 1956 peragere⁴,ctri
955 1871 1055 1937 simile
1068 1879 1123 1946 cst,

154 1978 237 2066 quod
256 1979 289 2044 iu
308 1979 463 2045 Poenicusi
482 1982 550 2067 lege
570 1983 721 2048 sancitum
741 1981 889 2062 videmus,
904 1993 941 2048 ul
956 1984 990 2048 in
1005 1983 1126 2069 oppidis

153 2091 311 2158 stantionis
320 2091 459 2159 officium
469 2117 486 2157 a
498 2093 631 2170 civibus,
644 2113 752 2158 rerum
762 2094 819 2157 soli
828 2097 1055 2180 possessoribus,
1067 2114 1124 2161 es-

152 2205 273 2293 pleatur
291 2204 316 2271 ⁵.
346 2206 384 2270 lu
402 2204 544 2271 omnibns
564 2223 636 2269 rere
654 2205 955 2291 provinciisadmiasa
966 2206 1121 2273 distinctio

154 2331 199 2386 cst
218 2318 360 2394 urbium,
386 2337 469 2406 quse
490 2318 622 2407 eligendi
638 2318 717 2405 juris
734 2320 889 2405 propriam
911 2321 969 2384 sibi
991 2319 1124 2387 habeant

155 2431 371 2496 assumtionem
402 2430 617 2517 (virilstimme)
650 2443 745 2518 atque
779 2451 904 2508 earum,
940 2433 1052 2520 quibus
1087 2452 1123 2498 ca

155 2541 276 2608 nonnisi
290 2541 480 2627 conjunctim
491 2563 563 2607 cum
579 2543 662 2619 aliis,
684 2556 740 2629 per
761 2540 915 2610 districtus
928 2537 1022 2611 inerit
1036 2544 1124 2610 attri-

61 2674 65 2679 ’
156 2656 239 2722 buta.
268 2655 316 2721 Ad
328 2676 461 2743 quaram
479 2656 566 2743 quasi
578 2655 720 2723 classium
738 2666 902 2745 utramque
917 2675 1071 2746 quaenam
1089 2658 1124 2724 in

155 2789 341 2857 unaquaque
355 2769 510 2855 provincii
523 2769 616 2834 urbes
628 2770 816 2854 pertineant,
839 2786 912 2835 cum
924 2770 1122 2836 ulterioribus

155 2880 394 2945 ordinationibus
413 2880 623 2945 definiendum
639 2878 732 2945 luerit
750 2880 902 2958 relictum,
920 2875 959 2947 da
975 2881 1123 2947 Posuicn·
1192 2904 1194 2910 ·

156 2994 195 3058 sis
217 2993 332 3058 decreti
359 2995 441 3060 circa
456 2994 536 3062 bano
554 3013 619 3060 rem
639 2992 760 3080 placitis
775 2993 841 3078 jam
864 3014 955 3080 supro
979 2994 1120 3062 vidimus.

150 3106 273 3176 xVerum
305 3128 339 3171 ea
367 3106 522 3173 distinctio
553 3128 590 3174 eo
622 3117 741 3172 tantum
772 3106 898 3172 nomine
927 3107 1123 3174 memoranda

157 3228 217 3295 est,
250 3217 341 3304 quia,
374 3219 525 3305 quod-ad
549 3221 601 3307 jus
631 3219 937 3307 quoque'eligendi,
969 3218 1124 3306 duplicem
1243 3235 1247 3241 ’

157 3332 306 3396 rationem
319 3333 532 3414 procreaverit.
567 3333 644 3399 Cum
662 3333 744 3399 enim
757 3334 882 3399 uilium
897 3332 1039 3415 illarum,
1053 3331 1125 3419 qui·
1236 3397 1237 3400 ,

157 3444 215 3509 bus
242 3444 369 3530 singulis
388 3445 500 3532 singuli
523 3446 616 3534 legali
633 3447 695 3512 sint
712 3444 934 3523 constituendi,
950 3444 1031 3511 cives
1046 3444 1124 3530 juris

192 3681 266 3732 ¹Les
284 3683 313 3732 ds
329 3683 416 3733 Brund.
432 3683 447 3750 §
464 3681 512 3748 13,
530 3684 559 3731 de
572 3682 628 3733 Sex,
645 3682 660 3748 5
678 3680 726 3744 13,
743 3683 800 3732 coll.
825 3683 844 3747 1,
861 3682 891 3730 de
913 3680 998 3730 brand.
1015 3680 1042 3748 55
1060 3679 1077 3732 d
1099 3692 1124 3731 et

160 3775 208 3839 10,
225 3777 254 3825 de
275 3776 330 3825 San.
347 3775 361 3841 5
379 3774 395 3824 5
412 3784 436 3824 et
454 3773 496 3825 10.

192 3869 267 3916 ’Lex
287 3867 316 3914 ds
335 3867 424 3915 Pomer.
442 3866 456 3933 5
474 3866 506 3930 5,
526 3865 540 3932 5
559 3864 636 3932 10,§
653 3864 694 3915 12.

195 3957 205 3991 ³
223 3961 271 4008 Lex
287 3959 316 4006 de
330 3958 408 4008 Rbsu.
425 3975 460 4022 pr.
476 3959 489 4024 5
508 3956 558 4019 13,
573 3958 601 4006 de
619 3957 722 4022 westph.
739 3958 752 4024 5
771 3956 815 4007 13.

193 4052 204 4086 ⁶
220 4054 268 4101 Lex
280 4052 309 4101 ds
325 4051 371 4104 ttts.
388 4069 423 4116 pr.
443 4052 457 4117 §
473 4048 517 4115 20,
536 4052 593 4099 coll.
611 4053 625 4119 5
645 4051 697 4114 13,
713 4051 742 4100 ds
758 4049 861 4116 Westpls.
876 4046 1090 4121 520,οο11.513.

195 4143 204 4176 ⁵
222 4146 269 4194 Lex
281 4146 309 4194 de
326 4147 395 4196 tou.
414 4145 428 4214 5
447 4142 495 4212 12,
513 4145 545 4191 al.
565 4141 590 4191 2.

930 4235 984 4301 94
