2738 4740
4 4272 84 4448 N

674 431 735 492 222

220 623 347 698 poterat,
367 611 441 697 quin
463 632 566 697 graves
589 634 678 696 saepe
699 635 735 677 ac
752 610 887 677 difficiles
903 611 936 673 in
956 607 1099 697 regenda
1120 611 1189 674 oiri·

219 735 281 790 tate
307 725 499 812 quaestiones
527 726 680 791 orirentur
699 727 721 791 ¹.
776 725 894 807 Quibus
922 722 1023 811 igitur
1051 723 1191 790 tollendis

218 837 408 923 istarumque
417 836 623 924 dynastiarum
637 836 808 902 accuratius
818 833 999 901 deliniendis
1010 834 1191 913 rationibus,

219 950 323 1027 trium,
336 972 411 1038 quas
427 951 511 1036 prius
532 950 776 1027 memoravimus,
797 959 953 1034 respectu,
966 947 1041 1013 inita
1059 958 1117 1026 est,
1139 947 1192 1013 die

221 1064 328 1149 tuaji
355 1086 383 1130 a.
408 1067 502 1142 1740,
530 1063 690 1128 conventio
720 1056 945 1151 (Hauptrecoss)
974 1060 1132 1149 simulque
1152 1061 1193 1127 de

220 1177 345 1264 reliquis
377 1187 467 1262 pacto
490 1188 615 1242 cautum
647 1186 692 1241 est
718 1174 871 1261 adjectitia
901 1174 1140 1259 (Nebenreccss)
1167 1175 1191 1237 ².

219 1289 356 1371 Quarum
379 1290 614 1354 conventionum
634 1310 749 1375 quum,
773 1288 838 1374 ipso
860 1287 1028 1373 pmlitente
1051 1286 1087 1351 in
1117 1286 1192 1352 Gur·

220 1422 324 1487 gressu
341 1399 507 1470 Viennensi
527 1423 599 1488 rege
618 1402 776 1478 Saroniae,
796 1400 915 1466 nullam
929 1397 1047 1464 deinde
1063 1399 1104 1465 ob
1123 1422 1191 1466 mn

114 1509 121 1522 ⁶
218 1536 282 1580 sam
310 1513 461 1580 infirmata
491 1514 628 1581 validitas
658 1515 764 1579 luisset
782 1511 805 1589 ³,
832 1535 867 1576 ex
893 1533 959 1576 uuo
986 1508 1089 1578 bocco
1114 1513 1194 1578 laute

219 1629 354 1706 vinculi,
372 1651 434 1716 quo
460 1651 533 1694 cum
553 1629 682 1698 Saxonid
701 1628 772 1692 illae
793 1626 980 1711 conjunctae
1002 1627 1069 1691 sint
1086 1625 1193 1714 dyam-

219 1741 296 1815 tiae,
320 1761 442 1805 omnem
464 1742 560 1827 repeti
581 1741 695 1807 debere
718 1738 969 1826 explicationem,
992 1740 1195 1825 perspicuant

220 1860 274 1932 est,
297 1851 356 1913 nisi
369 1850 462 1936 quod,
487 1873 581 1937 quam
597 1854 694 1937 pactis
712 1853 882 1917 anni1740
899 1851 1032 1916 electori
1049 1851 1195 1918 Saronico

219 1961 402 2029 vindicatam
417 1965 449 2028 in
467 1963 534 2030 illas
552 1966 689 2051 legamus
707 1963 920 2029 territorialem
937 1965 1195 2050 superioritatem,

219 2075 318 2153 banc,
338 2087 406 2142 tum
425 2076 625 2144 Germanicae
645 2076 775 2143 civitatis
793 2075 1008 2153 dissolutione,
1031 2088 1101 2142 tam
1116 2077 1194 2144 (111-

218 2188 429 2254 losderationis
449 2212 529 2255 anno
541 2193 626 2257 1815
645 2189 785 2266 decretis,
800 2188 834 2253 in
857 2188 996 2273 supremi
1019 2191 1195 2256 facultatem

218 2303 340 2388 imperii
366 2304 515 2368 tramiisse
540 2313 683 2390 appareat
700 2303 724 2368 ².
769 2302 876 2366 Postea
902 2323 993 2378 vera,
1023 2302 1065 2369 de
1088 2303 1194 2370 contir-

220 2412 349 2490 manda,
372 2436 466 2498 quam
485 2437 537 2478 rex
558 2425 773 2500 proposuerat,
800 2435 878 2478 nova
904 2413 975 2500 lege
999 2415 1131 2500 publica
1149 2437 1197 2481 or·

220 2523 343 2589 dinibus
360 2524 612 2603 deliberantibus,
636 2527 693 2592 bae
714 2529 755 2592 ita
774 2537 893 2592 tantum
916 2549 982 2592 sose
999 2528 1198 2616 acquicaoere

220 2637 427 2726 dynastiarum
448 2640 571 2705 illarum
589 2640 725 2718 domini,
750 2639 879 2717 curiali,
899 2639 987 2728 quod
1015 2654 1144 2723 vomat,
1167 2645 1198 2709 iu

222 2762 312 2818 coetu
327 2752 469 2847 suffragio
488 2765 617 2832 utentes,
633 2754 872 2831 declaraverunt,
883 2753 908 2818 si
927 2753 1008 2819 nibil
1020 2754 1077 2821 ista
1097 2758 1200 2840 paot'u

220 2865 294 2930 anni
318 2870 402 2934 1740
422 2865 600 2954 derogatum
621 2867 736 2932 fuisset.
778 2866 974 2952 Quapropter
992 2865 1063 2934 data
1081 2866 1123 2932 iis
1138 2891 1199 2955 pu·

222 2978 302 3043 blice
327 2990 370 3045 ost
389 2980 563 3066 promissio,
592 2981 758 3046 incolumia
779 2990 941 3048 ,somatum
969 2980 1034 3060 iri,
1056 3003 1141 3069 quae
1163 2983 1201 3050 sd

222 3111 359 3157 normam
394 3094 622 3179 stipulationum
657 3093 820 3179 bucusque
865 3094 1080 3161 exercuissent
1109 3097 1201 3185 priri-

224 3207 303 3293 legia
316 3206 339 3273 ⁵.
384 3207 498 3292 Similis
518 3232 535 3273 a
555 3209 717 3274 comitibus
738 3207 1133 3280 salma-baubaebensibus
1152 3236 1200 3280 aa·

223 3334 349 3408 cupatae
368 3321 631 3388 Wildent'elsensis
655 3322 813 3411 dynastiae
840 3321 981 3388 conditio
1006 3327 1075 3394 alia
1099 3329 1203 3396 nirim

230 3493 443 3503 —m-0-

261 3583 376 3646 11111110,
393 3602 431 3647 op.
449 3602 471 3647 o,
489 3587 510 3647 1,
527 3587 540 3641 d
558 3585 584 3648 5,
601 3604 625 3648 p.
644 3583 686 3633 10.

257 3675 269 3706 ¹
285 3689 332 3724 vor
345 3676 435 3739 Ram,
447 3675 544 3724 Strrtsr.
562 3669 962 3737 v.820r·.v.111,p.288-319;
974 3678 1202 3750 unumst),

225 3788 247 3832 p.
266 3769 299 3818 67
317 3778 341 3818 et
357 3778 407 3818 not.
425 3768 443 3817 l.

258 3861 395 3924 11111111,
411 3862 484 3910 Acten
502 3861 542 3910 der
559 3861 652 3910 Wiener
668 3862 814 3923 Cadmum,
831 3858 858 3905 V.
876 3857 917 3919 ll,
935 3877 962 3922 p.
984 3860 1147 3921 139-141,

258 3955 376 4018 ‘buum
400 3954 459 4004 ibid.
484 3972 507 4017 p.
526 3953 572 4011 ll:
599 3967 694 4016 wutron,
715 3951 797 4002 Srabr.
815 3952 912 4001 Stsrtrr.
937 3955 960 4015 l,
987 3974 1016 4019 p,
1044 3960 1095 4027 34,
1114 3962 1159 4028 35,
1178 3965 1209 4025 11,

225 4066 248 4110 p.
263 4046 407 4097 tto-457.

261 4139 270 4170 ⁵
288 4141 453 4202 uariauit.
471 4144 527 4192 latr
545 4139 611 4189 ordd.
629 4138 737 4188 Saxonic.
758 4155 779 4185 1.
800 4134 874 4198 1831,
892 4136 937 4187 iol.
959 4139 1051 4211 23³0,
1072 4167 1114 4216 η,
