2738 4740
757 417 778 479 8

277 596 418 689 gerendis
447 598 576 685 aliisque
596 596 787 677 lectitandis,
811 618 891 684 quae
922 612 1039 664 sumtus
1066 623 1163 686 paene
1191 602 1251 670 lm·

274 711 410 778 modicos
434 711 646 800 requirebant,
674 710 842 775 multorum
866 712 1042 796 principum
1063 735 1252 800 magnopere

273 826 431 890 deminuta
453 848 499 890 res
519 823 676 888 familiaris
696 825 817 901 luisset,
838 822 911 889 huic
930 835 1033 889 autem
1060 829 1251 913 supplendae

272 938 598 1026 nulloampliusmodo
621 937 736 1002 reditus
755 937 889 1022 ipsorum
901 939 1046 1004 ordinarii
1057 942 1248 1008 sufficerent:

271 1054 305 1116 in
333 1073 489 1118 summum
519 1051 692 1116 intereundi
714 1051 885 1136 periculum
913 1075 952 1116 ne
982 1055 1120 1119 universa
1141 1056 1250 1121 civitas

269 1165 482 1244 adduceretur,
515 1164 717 1229 metuendum
744 1164 881 1248 prolecto
899 1164 1067 1244 ridebatur,
1091 1167 1164 1248 nisi,
1184 1170 1248 1232 tol·

268 1278 375 1344 leudae
397 1277 576 1344 calamitatis
601 1277 715 1364 gratini,
744 1298 856 1341 norum
879 1277 1004 1364 aliquod
1039 1282 1245 1367 excogitatum

267 1402 344 1457 esset
366 1390 554 1467 remedium,
579 1410 642 1476 quo
658 1386 849 1466 adhibendo,
870 1399 937 1453 tum
956 1394 1107 1476 praesenti
1125 1392 1246 1478 inopiae

265 1507 447 1586 subvenire,
475 1515 556 1579 tum,
592 1525 632 1568 ne
659 1502 758 1568 simile
775 1504 890 1567 malurn
916 1505 948 1568 in
973 1516 1128 1591 posterum
1150 1509 1241 1573 etiam

266 1619 394 1694 rediret,
417 1616 489 1683 entia
510 1616 567 1680 rite
589 1616 764 1700 prospicere
784 1616 905 1681 liceret:
934 1619 1026 1703 quale
1054 1620 1244 1700 remedium,

266 1752 376 1817 quum,
389 1727 473 1793 unde
484 1737 649 1813 peteretur,
661 1725 740 1792 baud
755 1728 819 1792 lere
830 1739 917 1805 esset,
930 1730 1199 1816 quandoquidem,
1214 1746 1244 1798 et

264 1841 415 1928 prioribus
436 1839 593 1905 ordinibus
615 1861 631 1902 a
654 1839 821 1923 pendendis
838 1841 959 1904 tributis
978 1844 1156 1908 immunitas
1169 1867 1242 1930 sup·

265 1952 436 2041 peditabat,
472 1964 502 2017 et
539 1953 664 2018 rusticos
692 1952 919 2039 censititiosque
956 1952 1095 2021 homiues
1126 1958 1242 2024 efficaci
1330 1968 1333 1972 ’

265 2066 444 2156 praestando
466 2067 583 2132 auxilio
601 2087 723 2152 prorsus
742 2066 873 2151 impares
903 2089 968 2132 esse
986 2070 1168 2154 apparebat,
1188 2093 1243 2137 ne·

264 2204 346 2272 que,
369 2193 403 2247 ut
417 2191 537 2268 praeter
558 2170 683 2245 modum
702 2179 749 2244 illi
770 2192 979 2268 gravarentur,
1003 2184 1147 2268 expedire
1171 2186 1242 2272 ipsis

260 2296 487 2383 imperantibus
508 2294 717 2379 judicabatur,
746 2295 790 2359 sic
818 2296 973 2360 avertendi
998 2297 1127 2381 periculi
1155 2302 1241 2364 nulla

261 2409 353 2494 plane
373 2408 448 2472 ratio
463 2418 639 2493 supererat,
661 2408 718 2472 nisi
739 2407 776 2470 ad
796 2409 964 2492 praelatos,
984 2411 1119 2497 equites,
1144 2415 1241 2479 urba-

261 2542 333 2596 nos,
354 2543 418 2585 sese
434 2529 646 2585 converterent
666 2519 836 2606 principes,
855 2525 990 2609 rogaturi
1015 2547 1065 2590 eos
1092 2548 1128 2590 ac
1151 2528 1238 2612 quasi

261 2632 431 2721 precaturi,
452 2632 566 2697 vellent
584 2631 616 2697 in
639 2637 721 2697 tanti
741 2654 842 2697 rerum
856 2635 1089 2720 importunitate
1108 2639 1165 2703 sibi
1185 2639 1239 2703 ad·

263 2770 344 2825 esse,
369 2768 406 2811 ac
433 2746 512 2810 bene
541 2766 659 2811 merere
686 2756 747 2811 tana
771 2746 896 2812 deesse
924 2771 1016 2835 quam
1036 2750 1075 2814 de
1098 2751 1238 2827 universi

262 2861 402 2936 civitate,
424 2857 665 2924 extraordinario
685 2858 789 2945 aliquo
801 2859 1030 2927 munificentiae
1039 2862 1237 2941 documento,

261 2975 323 3041 sire
343 2973 421 3040 neris
449 2972 557 3049 alieni,
577 2992 640 3060 quo
669 2973 779 3038 misere
805 2973 862 3058 ipsi
885 2976 1115 3059 premebantur,
1143 2979 1238 3044 susci-

261 3086 373 3173 pienda
392 3087 565 3163 solutione,
588 3086 649 3151 sire
677 3086 749 3150 doni
775 3087 904 3170 alicujus
924 3089 1095 3173 pecuniarii
1112 3091 1145 3155 in
1169 3113 1236 3157 cer-

264 3211 330 3266 tum
360 3221 522 3265 numerum
549 3222 702 3288 annorum
727 3201 887 3287 largitione
909 3202 1133 3287 promittendi,
1163 3206 1236 3283 sire,

261 3334 452 3402 quocunque
462 3312 584 3377 tandem
598 3313 699 3389 modo,
715 3313 819 3377 auxilii
830 3315 1043 3400 praestationis
1054 3316 1236 3382 declarandi

262 3427 418 3493 voluntate
435 3425 458 3491 ¹.
490 3425 528 3489 llt
543 3424 695 3509 principio
715 3425 841 3512 quidem
861 3448 932 3492 cum
958 3428 1098 3493 accidere
1116 3429 1235 3517 aliquo-

261 3540 316 3605 ties
346 3537 495 3627 potuerit,
531 3548 583 3614 ut,
605 3547 771 3625 anteqmm
800 3540 976 3605 societatem
1002 3542 1121 3607 ordines
1153 3565 1235 3608 con·

261 3653 437 3730 traxissent,
456 3650 624 3715 istiusmodi
637 3650 703 3734 jam
722 3651 846 3737 petendi
866 3652 990 3718 subsidii
1013 3668 1115 3721 exorta
1133 3680 1235 3722 necea·

275 3833 344 3842 α...»
359 3832 394 3841 0..
409 3834 423 3840 ..
455 3835 470 3841 -

278 3925 288 3963 ¹
307 3927 434 3987 limen,
451 3925 469 3973 l.
486 3926 506 3975 l.
520 3926 581 3976 ibid.
596 3927 652 3975 ooll.
671 3928 697 3976 Υ.
711 3929 749 3988 ll,
767 3931 780 3993 p
798 3925 858 3988 306,
873 3927 913 3976 ubi
930 3928 960 3976 de
977 3936 1032 3978 vert
1044 3935 1233 3996 precariarum,

258 4029 308 4070 tuna
323 4014 503 4079 ordinariorum,
520 4029 568 4069 turn
578 4019 815 4069 exnecrdiuariarurn
823 4021 913 4082 origiue
924 4031 995 4085 atque
1006 4029 1106 4084 natust,
1126 4033 1234 4072 accurate

256 4112 402 4177 disputatum
429 4116 568 4172 abtultus,
587 4112 604 4160 l.
627 4112 644 4160 l.
665 4113 688 4160 C.
708 4113 771 4173 llll,
790 4131 812 4176 p.
831 4111 898 4174 6⁵2,
918 4112 976 4162 653.
