2738 4740
641 453 701 513 180

197 656 327 720 quorum
355 635 488 718 primum
520 636 641 721 proprie
668 637 712 700 sic
740 635 814 700 dicti
842 634 944 701 civiles
971 637 1169 726 magistratus

194 758 396 833 componunt;
421 749 498 812 alter
520 749 703 814 selectorum
732 759 777 815 est
800 759 1054 834 procuratorum,
1088 773 1168 838 quos

194 882 371 947 excerpere
387 882 442 925 suo
458 861 538 926 eires
556 860 806 950 designaverunt5
828 861 867 927 ad
882 861 1009 926 tertium
1027 862 1168 951 denique

192 974 329 1039 unorum
353 975 385 1037 in
405 975 570 1059 majoribus
594 973 721 1039 urbibus
739 973 1166 1063 praetores'fflistricffloa·

190 1084 305 1173 steber)
327 1088 501 1151 referuntur
519 1085 541 1154 ¹.

234 1198 422 1285 Magistratus
449 1200 590 1265 universo
617 1200 788 1286 praesidere
813 1199 962 1266 dicuutur
991 1201 1164 1288 municipio

191 1316 345 1403 simulque
363 1327 394 1381 et
414 1316 522 1381 aerarii
544 1315 680 1382 custodit
701 1327 732 1381 et
751 1316 927 1402 quammris
948 1338 1053 1381 rerum
1075 1339 1163 1383 com·

192 1430 335 1495 munium
362 1430 538 1518 iunguntur
563 1430 822 1497 administratione
843 1430 867 1497 ².
914 1432 1029 1496 Eorum
1056 1433 1164 1517 paullo

190 1540 306 1608 diversa
329 1541 461 1608 habetur
476 1544 638 1630 descriptio
658 1543 829 1629 prorsuis,
853 1563 928 1629 quas
946 1543 1162 1623 indicarimus,

190 1654 372 1739 oppidorum
397 1657 552 1723 classibus.
598 1657 643 1724 ad
667 1657 798 1742 primam
819 1655 902 1719 enim
919 1656 1045 1720 classem
1070 1666 1163 1742 quot-

85 1820 90 1828 .
189 1777 264 1851 quot
289 1767 380 1831 urbes
401 1770 573 1853 pertinent,
598 1768 750 1853 ejusmodi
771 1768 1006 1855 magistratuum
1027 1777 1163 1832 utuntur

187 1877 326 1964 collegio,
354 1888 388 1943 ut
409 1879 552 1965 adscripti
580 1881 626 1944 illi
655 1879 839 1944 habeantur:
869 1878 905 1964 a)
925 1880 1161 1967 burgimagistri

187 1989 265 2069 ‹lu03
295 1991 323 2073 b)
344 1992 526 2071 consiliarii,
549 1992 581 2056 in
602 1993 714 2078 quibus
731 1993 810 2076 juris
827 1992 952 2058 scientia
972 1992 1160 2079 requiritur,

186 2103 262 2182 bini,
280 2103 352 2169 trini
367 2106 560 2192 quaternive3
578 2104 606 2191 c)
618 2105 809 2171 consiliarius
823 2104 1003 2170 aedificandi
1018 2106 1093 2169 artis
1106 2123 1161 2190 pe-

188 2218 275 2295 ritus,
292 2218 482 2305 ubicumque
499 2221 614 2286 scilicet
629 2221 745 2284 multus
763 2221 829 2304 ejus
846 2241 911 2283 esse
926 2241 999 2283 usus
1017 2218 1160 2299 ridetur;

190 2326 225 2415 ol)
249 2331 329 2395 cives
349 2330 484 2417 denique
502 2330 608 2396 docem
630 2342 682 2396 aut
701 2332 884 2408 duodecim,
909 2353 945 2396 ex
965 2330 1019 2396 illo
1039 2332 1160 2420 potissi-

189 2461 276 2504 mum
294 2440 454 2505 bominum
476 2465 589 2528 genere
605 2443 755 2521 desumti,
777 2445 865 2530 cnjus
882 2444 914 2509 in
936 2443 1062 2530 opificiis
1078 2455 1159 2510 trac-

184 2551 282 2615 tandis
315 2552 462 2618 collocata
486 2555 525 2617 sit
554 2555 703 2621 industria
724 2556 748 2621 ³.
788 2557 966 2621 Omittimus
991 2565 1059 2620 tum
1089 2579 1160 2643 gra-

184 2661 315 2749 phiarios
339 2675 405 2728 tum
431 2665 558 2730 minoris
583 2666 698 2731 ordinis
724 2669 902 2754 scriptores,
925 2690 1088 2746 accensas,
1111 2670 1160 2732 fa-

183 2777 283 2842 mulos
298 2777 447 2843 auxilium
463 2779 688 2867 magistratibus
700 2781 960 2846 subministrantes
972 2781 996 2847 ⁴.
1029 2783 1158 2868 Regen-

183 2890 239 2955 dae
263 2901 367 2955 autem
391 2893 542 2975 pecuniae
562 2891 732 2970 duumviri,
755 2915 888 2979 quorum
910 2893 1039 2959 alternus
1056 2893 1155 2978 juris·

182 3003 371 3080 consultum,
395 3003 597 3089 opificiarium
625 3005 756 3069 alterum
779 3028 843 3070 esse
868 3017 1006 3091 oportet,
1026 3028 1062 3070 er
1090 3029 1157 3072 ma·

183 3116 365 3202 gistratuum
392 3118 523 3204 collegio
549 3118 722 3206 seliguntur
743 3119 768 3183 ⁵.
813 3119 849 3182 ln
868 3118 996 3205 singulis
1014 3140 1087 3183 sero
1107 3121 1156 3185 al·

181 3227 274 3292 terius
295 3229 394 3294 classis
415 3230 544 3294 urbibus
563 3232 677 3318 singuli
706 3241 825 3295 tantum
849 3231 1051 3296 instituuntur
1077 3232 1155 3296 bur·

182 3341 366 3429 gimagistri,
392 3343 505 3429 singuli
532 3342 635 3408 binive
659 3343 845 3431 jurisperiti,
881 3343 962 3408 cives
989 3355 1095 3410 autem
1122 3346 1155 3410 iu

181 3454 344 3519 consilium
385 3454 572 3520 adsciscendi
609 3456 711 3521 octoni
745 3455 870 3537 denire3
904 3455 988 3520 deest
1026 3459 1156 3522 omnino

180 3567 349 3653 praefectus
365 3567 580 3645 aedificationi,
595 3579 626 3635 at
637 3568 799 3654 proprium
818 3566 947 3633 babetur
965 3591 1077 3633 munus
1096 3592 1154 3635 no-

178 3682 248 3746 tarii
273 3679 550 3770 (Stadtscbreibers)
568 3683 591 3748 ⁶,
635 3681 754 3747 Tertiae
773 3671 927 3767 postremo
948 3682 1035 3748 classi
1050 3683 1152 3748 adnu-

175 3859 374 3869 ——-—-—-

214 3962 301 4010 ¹uu.
319 3963 337 4010 1.
356 3979 377 4010 a.
394 3963 407 4026 a
424 3963 468 4012 ro.
695 3963 784 4012 arara.
801 3965 820 4013 1.
839 3981 861 4013 ο.
879 3964 893 4030 a
911 3964 954 4013 ao.
1013 4028 1019 4040 Ι

180 4107 183 4115 Ι
211 4053 298 4101 rurs.
318 4056 335 4103 r.
354 4071 374 4102 ο.
393 4055 406 4119 o
423 4055 465 4115 rr,
486 4056 525 4103 ur.
544 4054 568 4102 1.
698 4055 708 4087 ⁸
727 4057 787 4105 rus.
805 4057 823 4104 r.
841 4072 863 4104 ο.
881 4057 895 4122 o
911 4055 954 4117 rr,
972 4057 1011 4104 ur.
1023 4059 1114 4109 rura

209 4143 219 4175 ⁸
238 4145 296 4199 rara.
314 4147 330 4192 r.
349 4162 370 4193 ο.
388 4145 401 4211 a
420 4145 462 4206 ra,
481 4146 522 4194 uo.
542 4144 564 4193 1.
695 4148 705 4179 ⁰
724 4149 785 4196 rur.
803 4150 820 4197 r.
842 4165 862 4198 ο.
880 4148 894 4214 p
912 4148 955 4209 aa,
974 4149 1014 4196 ua.
1025 4147 1050 4197 2.
