<?xml version="1.0" encoding="UTF-8"?>
<!DOCTYPE html PUBLIC "-//W3C//DTD XHTML 1.0 Transitional//EN"
    "http://www.w3.org/TR/xhtml1/DTD/xhtml1-transitional.dtd">
<html xmlns="http://www.w3.org/1999/xhtml" xml:lang="en" lang="en">
 <head>
  <title>
</title>
<meta http-equiv="Content-Type" content="text/html;charset=utf-8" />
  <meta name='ocr-system' content='tesseract 3.04.00' />
  <meta name='ocr-capabilities' content='ocr_page ocr_carea ocr_par ocr_line ocrx_word'/>
</head>
<body>
  <div class='ocr_page' id='page_1' title='image "./specimenjurispu00backgoog_0160.png"; bbox 0 0 2738 4740; ppageno 0'>
   <div class='ocr_carea' id='block_1_1' title="bbox 625 451 686 514">
    <p class='ocr_par' dir='ltr' id='par_1_1' title="bbox 625 451 686 514">
     <span class='ocr_line' id='line_1_1' title="bbox 625 451 686 514; baseline 0.082 -5"><span class='ocrx_word' id='word_1_1' title='bbox 625 451 686 514; x_wconf 78' lang='lat'><strong>135</strong></span> 
     </span>
    </p>
   </div>
   <div class='ocr_carea' id='block_1_2' title="bbox 160 626 1135 3296">
    <p class='ocr_par' dir='ltr' id='par_1_2' title="bbox 162 626 1135 2716">
     <span class='ocr_line' id='line_1_2' title="bbox 173 626 1135 714; baseline 0.001 -22"><span class='ocrx_word' id='word_1_2' title='bbox 173 629 254 693; x_wconf 88' lang='lat' dir='ltr'><strong>critn</strong></span> <span class='ocrx_word' id='word_1_3' title='bbox 271 626 470 695; x_wconf 90' lang='lat' dir='ltr'><strong>constitutum</strong></span> <span class='ocrx_word' id='word_1_4' title='bbox 486 627 628 712; x_wconf 86' lang='lat' dir='ltr'><strong>reperias,</strong></span> <span class='ocrx_word' id='word_1_5' title='bbox 637 628 777 712; x_wconf 83' lang='lat' dir='ltr'><strong>injuncto</strong></span> <span class='ocrx_word' id='word_1_6' title='bbox 786 628 891 714; x_wconf 89' lang='lat' dir='ltr'><strong>primis</strong></span> <span class='ocrx_word' id='word_1_7' title='bbox 899 627 1045 695; x_wconf 69' lang='lat' dir='ltr'><strong>bibendis</strong></span> <span class='ocrx_word' id='word_1_8' title='bbox 1055 626 1135 693; x_wconf 86' lang='lat' dir='ltr'><strong>ordi·</strong></span> 
     </span>
     <span class='ocr_line' id='line_1_3' title="bbox 174 739 1133 830; baseline 0.003 -25"><span class='ocrx_word' id='word_1_9' title='bbox 174 762 247 805; x_wconf 92' lang='lat' dir='ltr'><strong>num</strong></span> <span class='ocrx_word' id='word_1_10' title='bbox 259 739 492 826; x_wconf 78' lang='lat' dir='ltr'><strong>provincialium</strong></span> <span class='ocrx_word' id='word_1_11' title='bbox 502 739 701 807; x_wconf 79' lang='lat' dir='ltr'><strong>concionibus</strong></span> <span class='ocrx_word' id='word_1_12' title='bbox 712 740 812 808; x_wconf 87' lang='lat' dir='ltr'><strong>officio</strong></span> <span class='ocrx_word' id='word_1_13' title='bbox 825 742 878 809; x_wconf 88' lang='lat' dir='ltr'><strong>illa</strong></span> <span class='ocrx_word' id='word_1_14' title='bbox 891 743 929 809; x_wconf 93' lang='lat' dir='ltr'><strong>de</strong></span> <span class='ocrx_word' id='word_1_15' title='bbox 941 766 974 809; x_wconf 93' lang='lat' dir='ltr'><strong>re</strong></span> <span class='ocrx_word' id='word_1_16' title='bbox 983 742 1021 809; x_wconf 92' lang='lat' dir='ltr'><strong>ad</strong></span> <span class='ocrx_word' id='word_1_17' title='bbox 1030 744 1133 830; x_wconf 90' lang='lat' dir='ltr'><strong>ipsum</strong></span> 
     </span>
     <span class='ocr_line' id='line_1_4' title="bbox 172 852 1134 942; baseline -0.001 -22"><span class='ocrx_word' id='word_1_18' title='bbox 172 875 276 942; x_wconf 75' lang='lat' dir='ltr'><strong>regom</strong></span> <span class='ocrx_word' id='word_1_19' title='bbox 285 852 476 940; x_wconf 90' lang='lat' dir='ltr'><strong>proponendi</strong></span> <span class='ocrx_word' id='word_1_20' title='bbox 487 852 511 919; x_wconf 86' lang='lat'><strong>¹.</strong></span> <span class='ocrx_word' id='word_1_21' title='bbox 527 853 670 935; x_wconf 88' lang='lat' dir='ltr'><strong>Quocum</strong></span> <span class='ocrx_word' id='word_1_22' title='bbox 682 852 823 923; x_wconf 75' lang='lat' dir='ltr'><strong>cohaeret</strong></span> <span class='ocrx_word' id='word_1_23' title='bbox 832 855 915 941; x_wconf 88' lang='lat' dir='ltr'><strong>quod</strong></span> <span class='ocrx_word' id='word_1_24' title='bbox 929 857 961 921; x_wconf 94' lang='lat' dir='ltr'><strong>in</strong></span> <span class='ocrx_word' id='word_1_25' title='bbox 972 853 1134 942; x_wconf 81' lang='lat' dir='ltr'><strong>provinciis</strong></span> 
     </span>
     <span class='ocr_line' id='line_1_5' title="bbox 169 964 1133 1054; baseline 0.002 -24"><span class='ocrx_word' id='word_1_26' title='bbox 169 965 418 1054; x_wconf 78' lang='lat' dir='ltr'><strong>Brundenburgid</strong></span> <span class='ocrx_word' id='word_1_27' title='bbox 431 975 524 1052; x_wconf 86' lang='lat' dir='ltr'><strong>atque</strong></span> <span class='ocrx_word' id='word_1_28' title='bbox 533 966 681 1046; x_wconf 79' lang='lat' dir='ltr'><strong>Romssid,</strong></span> <span class='ocrx_word' id='word_1_29' title='bbox 693 965 845 1054; x_wconf 73' lang='lat' dir='ltr'><strong>equitatus</strong></span> <span class='ocrx_word' id='word_1_30' title='bbox 853 964 965 1032; x_wconf 91' lang='lat' dir='ltr'><strong>ordinis</strong></span> <span class='ocrx_word' id='word_1_31' title='bbox 979 965 1133 1032; x_wconf 91' lang='lat' dir='ltr'><strong>electioni·</strong></span> 
     </span>
     <span class='ocr_line' id='line_1_6' title="bbox 169 1078 1134 1165; baseline 0 -21"><span class='ocrx_word' id='word_1_32' title='bbox 169 1081 226 1146; x_wconf 86' lang='lat' dir='ltr'><strong>bus</strong></span> <span class='ocrx_word' id='word_1_33' title='bbox 244 1079 402 1154; x_wconf 83' lang='lat' dir='ltr'><strong>obeundis,</strong></span> <span class='ocrx_word' id='word_1_34' title='bbox 417 1079 579 1144; x_wconf 87' lang='lat' dir='ltr'><strong>circulares</strong></span> <span class='ocrx_word' id='word_1_35' title='bbox 593 1078 657 1143; x_wconf 87' lang='lat' dir='ltr'><strong>dies</strong></span> <span class='ocrx_word' id='word_1_36' title='bbox 669 1079 708 1145; x_wconf 87' lang='lat' dir='ltr'><strong>ad</strong></span> <span class='ocrx_word' id='word_1_37' title='bbox 723 1080 881 1165; x_wconf 86' lang='lat' dir='ltr'><strong>pristinam</strong></span> <span class='ocrx_word' id='word_1_38' title='bbox 890 1078 955 1143; x_wconf 86' lang='lat' dir='ltr'><strong>iero</strong></span> <span class='ocrx_word' id='word_1_39' title='bbox 973 1088 1134 1144; x_wconf 88' lang='lat' dir='ltr'><strong>consuetu·</strong></span> 
     </span>
     <span class='ocr_line' id='line_1_7' title="bbox 170 1188 1133 1278; baseline -0.004 -20"><span class='ocrx_word' id='word_1_40' title='bbox 170 1192 274 1258; x_wconf 91' lang='lat' dir='ltr'><strong>dinem</strong></span> <span class='ocrx_word' id='word_1_41' title='bbox 300 1190 469 1256; x_wconf 88' lang='lat' dir='ltr'><strong>destinandi</strong></span> <span class='ocrx_word' id='word_1_42' title='bbox 494 1201 669 1256; x_wconf 89' lang='lat' dir='ltr'><strong>statuuntur</strong></span> <span class='ocrx_word' id='word_1_43' title='bbox 683 1191 716 1270; x_wconf 79' lang='lat'><strong>²,</strong></span> <span class='ocrx_word' id='word_1_44' title='bbox 746 1191 788 1257; x_wconf 87' lang='lat' dir='ltr'><strong>itu</strong></span> <span class='ocrx_word' id='word_1_45' title='bbox 809 1189 956 1278; x_wconf 85' lang='lat' dir='ltr'><strong>quidem,</strong></span> <span class='ocrx_word' id='word_1_46' title='bbox 973 1199 1009 1254; x_wconf 93' lang='lat' dir='ltr'><strong>ut</strong></span> <span class='ocrx_word' id='word_1_47' title='bbox 1026 1188 1060 1255; x_wconf 93' lang='lat' dir='ltr'><strong>iu</strong></span> <span class='ocrx_word' id='word_1_48' title='bbox 1074 1190 1133 1254; x_wconf 90' lang='lat' dir='ltr'><strong>Bo-</strong></span> 
     </span>
     <span class='ocr_line' id='line_1_8' title="bbox 170 1284 1133 1389; baseline -0.001 -21"><span class='ocrx_word' id='word_1_49' title='bbox 170 1305 280 1385; x_wconf 77' lang='lat' dir='ltr'><strong>mssib,</strong></span> <span class='ocrx_word' id='word_1_50' title='bbox 309 1314 434 1389; x_wconf 89' lang='lat' dir='ltr'><strong>propter</strong></span> <span class='ocrx_word' id='word_1_51' title='bbox 459 1304 678 1368; x_wconf 89' lang='lat' dir='ltr'><strong>nonnullomm</strong></span> <span class='ocrx_word' id='word_1_52' title='bbox 703 1284 842 1370; x_wconf 78' lang='lat' dir='ltr'><strong>veterani</strong></span> <span class='ocrx_word' id='word_1_53' title='bbox 859 1302 1047 1369; x_wconf 89' lang='lat' dir='ltr'><strong>circulomm</strong></span> <span class='ocrx_word' id='word_1_54' title='bbox 1066 1324 1133 1368; x_wconf 83' lang='lat' dir='ltr'><strong>am·</strong></span> 
     </span>
     <span class='ocr_line' id='line_1_9' title="bbox 170 1413 1133 1501; baseline 0.001 -22"><span class='ocrx_word' id='word_1_55' title='bbox 170 1414 373 1501; x_wconf 89' lang='lat' dir='ltr'><strong>plitudinem,</strong></span> <span class='ocrx_word' id='word_1_56' title='bbox 394 1414 533 1500; x_wconf 88' lang='lat' dir='ltr'><strong>pluribus</strong></span> <span class='ocrx_word' id='word_1_57' title='bbox 553 1414 659 1498; x_wconf 90' lang='lat' dir='ltr'><strong>simul,</strong></span> <span class='ocrx_word' id='word_1_58' title='bbox 682 1415 715 1480; x_wconf 93' lang='lat' dir='ltr'><strong>in</strong></span> <span class='ocrx_word' id='word_1_59' title='bbox 743 1415 796 1495; x_wconf 90' lang='lat' dir='ltr'><strong>iis,</strong></span> <span class='ocrx_word' id='word_1_60' title='bbox 814 1414 906 1498; x_wconf 83' lang='lat' dir='ltr'><strong>locis,</strong></span> <span class='ocrx_word' id='word_1_61' title='bbox 935 1413 1133 1480; x_wconf 85' lang='lat' dir='ltr'><strong>electionibus</strong></span> 
     </span>
     <span class='ocr_line' id='line_1_10' title="bbox 167 1525 1132 1615; baseline 0.002 -25"><span class='ocrx_word' id='word_1_62' title='bbox 167 1525 361 1615; x_wconf 81' lang='lat' dir='ltr'><strong>lungendum</strong></span> <span class='ocrx_word' id='word_1_63' title='bbox 384 1547 448 1592; x_wconf 85' lang='lat' dir='ltr'><strong>esse</strong></span> <span class='ocrx_word' id='word_1_64' title='bbox 476 1527 709 1613; x_wconf 71' lang='lat' dir='ltr'><strong>pronuntietur,</strong></span> <span class='ocrx_word' id='word_1_65' title='bbox 737 1548 823 1593; x_wconf 87' lang='lat' dir='ltr'><strong>moro</strong></span> <span class='ocrx_word' id='word_1_66' title='bbox 846 1527 880 1593; x_wconf 90' lang='lat' dir='ltr'><strong>in</strong></span> <span class='ocrx_word' id='word_1_67' title='bbox 908 1525 1046 1592; x_wconf 84' lang='lat' dir='ltr'><strong>Litbonib</strong></span> <span class='ocrx_word' id='word_1_68' title='bbox 1066 1525 1132 1610; x_wconf 86' lang='lat' dir='ltr'><strong>jam</strong></span> 
     </span>
     <span class='ocr_line' id='line_1_11' title="bbox 168 1637 1131 1726; baseline 0.004 -24"><span class='ocrx_word' id='word_1_69' title='bbox 168 1649 257 1703; x_wconf 85' lang='lat' dir='ltr'><strong>antea</strong></span> <span class='ocrx_word' id='word_1_70' title='bbox 276 1650 436 1725; x_wconf 91' lang='lat' dir='ltr'><strong>usurpato;</strong></span> <span class='ocrx_word' id='word_1_71' title='bbox 460 1639 492 1703; x_wconf 93' lang='lat' dir='ltr'><strong>in</strong></span> <span class='ocrx_word' id='word_1_72' title='bbox 508 1637 662 1705; x_wconf 76' lang='lat' dir='ltr'><strong>Rhenanis</strong></span> <span class='ocrx_word' id='word_1_73' title='bbox 680 1662 769 1721; x_wconf 82' lang='lat' dir='ltr'><strong>vero,</strong></span> <span class='ocrx_word' id='word_1_74' title='bbox 785 1638 994 1726; x_wconf 81' lang='lat' dir='ltr'><strong>Wrstpbalid,</strong></span> <span class='ocrx_word' id='word_1_75' title='bbox 1005 1639 1131 1717; x_wconf 76' lang='lat' dir='ltr'><strong>Posuii,</strong></span> 
     </span>
     <span class='ocr_line' id='line_1_12' title="bbox 167 1750 1132 1838; baseline 0.003 -23"><span class='ocrx_word' id='word_1_76' title='bbox 167 1750 310 1829; x_wconf 84' lang='lat' dir='ltr'><strong>Saxonid,</strong></span> <span class='ocrx_word' id='word_1_77' title='bbox 334 1773 370 1817; x_wconf 92' lang='lat' dir='ltr'><strong>eo</strong></span> <span class='ocrx_word' id='word_1_78' title='bbox 386 1750 531 1828; x_wconf 88' lang='lat' dir='ltr'><strong>consilio,</strong></span> <span class='ocrx_word' id='word_1_79' title='bbox 551 1750 705 1817; x_wconf 88' lang='lat' dir='ltr'><strong>districtus</strong></span> <span class='ocrx_word' id='word_1_80' title='bbox 723 1751 860 1818; x_wconf 86' lang='lat' dir='ltr'><strong>electorii</strong></span> <span class='ocrx_word' id='word_1_81' title='bbox 877 1750 1068 1818; x_wconf 84' lang='lat' dir='ltr'><strong>describendi</strong></span> <span class='ocrx_word' id='word_1_82' title='bbox 1075 1751 1132 1838; x_wconf 91' lang='lat' dir='ltr'><strong>ju·</strong></span> 
     </span>
     <span class='ocr_line' id='line_1_13' title="bbox 167 1861 1130 1948; baseline 0.003 -21"><span class='ocrx_word' id='word_1_83' title='bbox 167 1863 296 1928; x_wconf 87' lang='lat' dir='ltr'><strong>beantur</strong></span> <span class='ocrx_word' id='word_1_84' title='bbox 311 1861 345 1941; x_wconf 81' lang='lat'><strong>³,</strong></span> <span class='ocrx_word' id='word_1_85' title='bbox 373 1863 463 1948; x_wconf 85' lang='lat' dir='ltr'><strong>cujus</strong></span> <span class='ocrx_word' id='word_1_86' title='bbox 482 1862 575 1930; x_wconf 87' lang='lat' dir='ltr'><strong>etiam</strong></span> <span class='ocrx_word' id='word_1_87' title='bbox 594 1863 639 1929; x_wconf 90' lang='lat' dir='ltr'><strong>rei</strong></span> <span class='ocrx_word' id='word_1_88' title='bbox 664 1886 738 1930; x_wconf 86' lang='lat' dir='ltr'><strong>cura</strong></span> <span class='ocrx_word' id='word_1_89' title='bbox 767 1885 839 1930; x_wconf 90' lang='lat' dir='ltr'><strong>cum</strong></span> <span class='ocrx_word' id='word_1_90' title='bbox 859 1865 1055 1930; x_wconf 86' lang='lat' dir='ltr'><strong>ulterioribus</strong></span> <span class='ocrx_word' id='word_1_91' title='bbox 1075 1863 1130 1930; x_wconf 85' lang='lat' dir='ltr'><strong>ds·</strong></span> 
     </span>
     <span class='ocr_line' id='line_1_14' title="bbox 166 1975 1130 2064; baseline 0.004 -23"><span class='ocrx_word' id='word_1_92' title='bbox 166 1975 255 2041; x_wconf 83' lang='lat' dir='ltr'><strong>cretis</strong></span> <span class='ocrx_word' id='word_1_93' title='bbox 268 1986 415 2041; x_wconf 81' lang='lat' dir='ltr'><strong>reservata</strong></span> <span class='ocrx_word' id='word_1_94' title='bbox 427 1976 549 2056; x_wconf 84' lang='lat' dir='ltr'><strong>luisset,</strong></span> <span class='ocrx_word' id='word_1_95' title='bbox 566 1976 641 2064; x_wconf 90' lang='lat' dir='ltr'><strong>quid</strong></span> <span class='ocrx_word' id='word_1_96' title='bbox 656 1978 689 2042; x_wconf 92' lang='lat' dir='ltr'><strong>in</strong></span> <span class='ocrx_word' id='word_1_97' title='bbox 704 1977 756 2042; x_wconf 86' lang='lat' dir='ltr'><strong>illa</strong></span> <span class='ocrx_word' id='word_1_98' title='bbox 770 1978 951 2062; x_wconf 70' lang='lat' dir='ltr'><strong>praestiterit</strong></span> <span class='ocrx_word' id='word_1_99' title='bbox 960 1977 1130 2045; x_wconf 79' lang='lat' dir='ltr'><strong>Poenicusis</strong></span> 
     </span>
     <span class='ocr_line' id='line_1_15' title="bbox 163 2087 1129 2177; baseline 0.004 -27"><span class='ocrx_word' id='word_1_100' title='bbox 163 2087 215 2153; x_wconf 86' lang='lat' dir='ltr'><strong>illa</strong></span> <span class='ocrx_word' id='word_1_101' title='bbox 229 2087 392 2167; x_wconf 90' lang='lat' dir='ltr'><strong>ordinatio,</strong></span> <span class='ocrx_word' id='word_1_102' title='bbox 409 2110 498 2175; x_wconf 91' lang='lat' dir='ltr'><strong>supra</strong></span> <span class='ocrx_word' id='word_1_103' title='bbox 505 2089 569 2177; x_wconf 88' lang='lat' dir='ltr'><strong>jam</strong></span> <span class='ocrx_word' id='word_1_104' title='bbox 580 2088 859 2154; x_wconf 80' lang='lat' dir='ltr'><strong>animadvertimus.</strong></span> <span class='ocrx_word' id='word_1_105' title='bbox 880 2089 918 2154; x_wconf 92' lang='lat' dir='ltr'><strong>ln</strong></span> <span class='ocrx_word' id='word_1_106' title='bbox 932 2088 1008 2176; x_wconf 81' lang='lat' dir='ltr'><strong>legis</strong></span> <span class='ocrx_word' id='word_1_107' title='bbox 1025 2100 1129 2154; x_wconf 88' lang='lat' dir='ltr'><strong>autem</strong></span> 
     </span>
     <span class='ocr_line' id='line_1_16' title="bbox 162 2199 1129 2285; baseline 0.002 -22"><span class='ocrx_word' id='word_1_108' title='bbox 162 2199 327 2264; x_wconf 78' lang='lat' dir='ltr'><strong>Saxonioao</strong></span> <span class='ocrx_word' id='word_1_109' title='bbox 359 2199 398 2265; x_wconf 91' lang='lat' dir='ltr'><strong>de</strong></span> <span class='ocrx_word' id='word_1_110' title='bbox 432 2200 515 2265; x_wconf 90' lang='lat' dir='ltr'><strong>bisce</strong></span> <span class='ocrx_word' id='word_1_111' title='bbox 544 2199 733 2265; x_wconf 73' lang='lat' dir='ltr'><strong>districtibus</strong></span> <span class='ocrx_word' id='word_1_112' title='bbox 761 2199 874 2285; x_wconf 92' lang='lat' dir='ltr'><strong>placito</strong></span> <span class='ocrx_word' id='word_1_113' title='bbox 905 2199 965 2265; x_wconf 92' lang='lat' dir='ltr'><strong>boc</strong></span> <span class='ocrx_word' id='word_1_114' title='bbox 995 2199 1129 2265; x_wconf 90' lang='lat' dir='ltr'><strong>occurrit</strong></span> 
     </span>
     <span class='ocr_line' id='line_1_17' title="bbox 162 2309 1128 2399; baseline -0.001 -23"><span class='ocrx_word' id='word_1_115' title='bbox 162 2312 333 2397; x_wconf 89' lang='lat' dir='ltr'><strong>peculiare,</strong></span> <span class='ocrx_word' id='word_1_116' title='bbox 352 2312 435 2399; x_wconf 93' lang='lat' dir='ltr'><strong>quod</strong></span> <span class='ocrx_word' id='word_1_117' title='bbox 456 2312 603 2377; x_wconf 88' lang='lat' dir='ltr'><strong>dicuntur</strong></span> <span class='ocrx_word' id='word_1_118' title='bbox 629 2312 788 2377; x_wconf 78' lang='lat' dir='ltr'><strong>universae</strong></span> <span class='ocrx_word' id='word_1_119' title='bbox 806 2309 839 2377; x_wconf 89' lang='lat' dir='ltr'><strong>in</strong></span> <span class='ocrx_word' id='word_1_120' title='bbox 864 2311 971 2376; x_wconf 86' lang='lat' dir='ltr'><strong>eodem</strong></span> <span class='ocrx_word' id='word_1_121' title='bbox 989 2310 1128 2377; x_wconf 89' lang='lat' dir='ltr'><strong>districtu</strong></span> 
     </span>
     <span class='ocr_line' id='line_1_18' title="bbox 163 2422 1126 2514; baseline -0.003 -23"><span class='ocrx_word' id='word_1_122' title='bbox 163 2424 399 2509; x_wconf 88' lang='lat' dir='ltr'><strong>comprehensae</strong></span> <span class='ocrx_word' id='word_1_123' title='bbox 419 2425 550 2513; x_wconf 84' lang='lat' dir='ltr'><strong>regionis</strong></span> <span class='ocrx_word' id='word_1_124' title='bbox 567 2435 665 2509; x_wconf 84' lang='lat' dir='ltr'><strong>partes</strong></span> <span class='ocrx_word' id='word_1_125' title='bbox 680 2422 864 2512; x_wconf 80' lang='lat' dir='ltr'><strong>antiquiores</strong></span> <span class='ocrx_word' id='word_1_126' title='bbox 876 2424 983 2514; x_wconf 73' lang='lat' dir='ltr'><strong>(tiltere</strong></span> <span class='ocrx_word' id='word_1_127' title='bbox 995 2422 1126 2489; x_wconf 63' lang='lat' dir='ltr'><strong>Lundee</strong></span> 
     </span>
     <span class='ocr_line' id='line_1_19' title="bbox 164 2535 1126 2624; baseline 0 -24"><span class='ocrx_word' id='word_1_128' title='bbox 164 2535 266 2624; x_wconf 90' lang='lat' dir='ltr'><strong>tbeile)</strong></span> <span class='ocrx_word' id='word_1_129' title='bbox 284 2537 436 2624; x_wconf 82' lang='lat' dir='ltr'><strong>aequabili</strong></span> <span class='ocrx_word' id='word_1_130' title='bbox 453 2537 526 2623; x_wconf 91' lang='lat' dir='ltr'><strong>jure</strong></span> <span class='ocrx_word' id='word_1_131' title='bbox 546 2538 717 2624; x_wconf 78' lang='lat' dir='ltr'><strong>legatorum</strong></span> <span class='ocrx_word' id='word_1_132' title='bbox 735 2536 948 2624; x_wconf 79' lang='lat' dir='ltr'><strong>eligendorum</strong></span> <span class='ocrx_word' id='word_1_133' title='bbox 965 2535 1126 2623; x_wconf 80' lang='lat' dir='ltr'><strong>participes</strong></span> 
     </span>
     <span class='ocr_line' id='line_1_20' title="bbox 162 2649 368 2716; baseline 0.01 -2"><span class='ocrx_word' id='word_1_134' title='bbox 162 2672 226 2714; x_wconf 83' lang='lat' dir='ltr'><strong>esse</strong></span> <span class='ocrx_word' id='word_1_135' title='bbox 246 2649 368 2716; x_wconf 85' lang='lat' dir='ltr'><strong>debere.</strong></span> 
     </span>
    </p>

    <p class='ocr_par' dir='ltr' id='par_1_3' title="bbox 160 2758 1126 3296">
     <span class='ocr_line' id='line_1_21' title="bbox 203 2758 1126 2846; baseline -0.002 -19"><span class='ocrx_word' id='word_1_136' title='bbox 203 2764 248 2827; x_wconf 88' lang='lat' dir='ltr'><strong>lle</strong></span> <span class='ocrx_word' id='word_1_137' title='bbox 267 2762 365 2827; x_wconf 89' lang='lat' dir='ltr'><strong>ultimi</strong></span> <span class='ocrx_word' id='word_1_138' title='bbox 384 2761 497 2827; x_wconf 89' lang='lat' dir='ltr'><strong>ordinis</strong></span> <span class='ocrx_word' id='word_1_139' title='bbox 514 2759 715 2841; x_wconf 86' lang='lat' dir='ltr'><strong>districtibus,</strong></span> <span class='ocrx_word' id='word_1_140' title='bbox 740 2771 806 2825; x_wconf 90' lang='lat' dir='ltr'><strong>tum</strong></span> <span class='ocrx_word' id='word_1_141' title='bbox 819 2758 988 2824; x_wconf 88' lang='lat' dir='ltr'><strong>minoribus</strong></span> <span class='ocrx_word' id='word_1_142' title='bbox 1001 2780 1126 2846; x_wconf 87' lang='lat' dir='ltr'><strong>quoque</strong></span> 
     </span>
     <span class='ocr_line' id='line_1_22' title="bbox 160 2868 1125 2960; baseline -0.005 -21"><span class='ocrx_word' id='word_1_143' title='bbox 160 2875 344 2939; x_wconf 86' lang='lat' dir='ltr'><strong>electionum</strong></span> <span class='ocrx_word' id='word_1_144' title='bbox 366 2873 574 2939; x_wconf 79' lang='lat' dir='ltr'><strong>faciendorum</strong></span> <span class='ocrx_word' id='word_1_145' title='bbox 604 2871 699 2960; x_wconf 84' lang='lat' dir='ltr'><strong>gratitl</strong></span> <span class='ocrx_word' id='word_1_146' title='bbox 720 2870 914 2935; x_wconf 84' lang='lat' dir='ltr'><strong>divisionibus</strong></span> <span class='ocrx_word' id='word_1_147' title='bbox 932 2868 1023 2933; x_wconf 92' lang='lat' dir='ltr'><strong>modo</strong></span> <span class='ocrx_word' id='word_1_148' title='bbox 1047 2870 1125 2934; x_wconf 83' lang='lat' dir='ltr'><strong>ridi-</strong></span> 
     </span>
     <span class='ocr_line' id='line_1_23' title="bbox 160 2981 1122 3068; baseline -0.006 -18"><span class='ocrx_word' id='word_1_149' title='bbox 160 3009 238 3050; x_wconf 89' lang='lat' dir='ltr'><strong>mus.</strong></span> <span class='ocrx_word' id='word_1_150' title='bbox 271 2987 462 3051; x_wconf 81' lang='lat' dir='ltr'><strong>Conveniunt</strong></span> <span class='ocrx_word' id='word_1_151' title='bbox 480 2997 599 3062; x_wconf 89' lang='lat' dir='ltr'><strong>autem,</strong></span> <span class='ocrx_word' id='word_1_152' title='bbox 622 2983 791 3050; x_wconf 90' lang='lat' dir='ltr'><strong>secundnm</strong></span> <span class='ocrx_word' id='word_1_153' title='bbox 811 2981 1030 3068; x_wconf 85' lang='lat' dir='ltr'><strong>ordinationem</strong></span> <span class='ocrx_word' id='word_1_154' title='bbox 1050 2981 1122 3045; x_wconf 89' lang='lat' dir='ltr'><strong>Pos-</strong></span> 
     </span>
     <span class='ocr_line' id='line_1_24' title="bbox 160 3093 1123 3175; baseline -0.003 -11"><span class='ocrx_word' id='word_1_155' title='bbox 160 3099 315 3175; x_wconf 82' lang='lat' dir='ltr'><strong>niensem,</strong></span> <span class='ocrx_word' id='word_1_156' title='bbox 342 3097 375 3162; x_wconf 92' lang='lat' dir='ltr'><strong>hi</strong></span> <span class='ocrx_word' id='word_1_157' title='bbox 403 3100 585 3165; x_wconf 90' lang='lat' dir='ltr'><strong>rusticorum</strong></span> <span class='ocrx_word' id='word_1_158' title='bbox 607 3097 768 3165; x_wconf 87' lang='lat' dir='ltr'><strong>bominum</strong></span> <span class='ocrx_word' id='word_1_159' title='bbox 789 3094 941 3162; x_wconf 85' lang='lat' dir='ltr'><strong>districtus</strong></span> <span class='ocrx_word' id='word_1_160' title='bbox 966 3116 1040 3160; x_wconf 92' lang='lat' dir='ltr'><strong>cnm</strong></span> <span class='ocrx_word' id='word_1_161' title='bbox 1065 3093 1123 3161; x_wconf 90' lang='lat' dir='ltr'><strong>dis·</strong></span> 
     </span>
     <span class='ocr_line' id='line_1_25' title="bbox 160 3207 1120 3296; baseline 0 -23"><span class='ocrx_word' id='word_1_162' title='bbox 160 3209 298 3275; x_wconf 90' lang='lat' dir='ltr'><strong>trictibus</strong></span> <span class='ocrx_word' id='word_1_163' title='bbox 316 3209 437 3274; x_wconf 90' lang='lat' dir='ltr'><strong>urbinm</strong></span> <span class='ocrx_word' id='word_1_164' title='bbox 452 3212 639 3295; x_wconf 90' lang='lat' dir='ltr'><strong>conjunctim</strong></span> <span class='ocrx_word' id='word_1_165' title='bbox 651 3232 720 3276; x_wconf 89' lang='lat' dir='ltr'><strong>auos</strong></span> <span class='ocrx_word' id='word_1_166' title='bbox 735 3210 847 3296; x_wconf 85' lang='lat' dir='ltr'><strong>legatos</strong></span> <span class='ocrx_word' id='word_1_167' title='bbox 862 3207 1087 3292; x_wconf 77' lang='lat' dir='ltr'><strong>designantium</strong></span> <span class='ocrx_word' id='word_1_168' title='bbox 1095 3207 1120 3273; x_wconf 76' lang='lat'><strong>⁴.</strong></span> 
     </span>
    </p>
   </div>
   <div class='ocr_carea' id='block_1_3' title="bbox 159 3318 1221 3408">
    <p class='ocr_par' dir='ltr' id='par_1_4' title="bbox 159 3318 1221 3408">
     <span class='ocr_line' id='line_1_26' title="bbox 159 3318 1221 3408; baseline 0 -24"><span class='ocrx_word' id='word_1_169' title='bbox 159 3323 247 3403; x_wconf 86' lang='lat' dir='ltr'><strong>Quae</strong></span> <span class='ocrx_word' id='word_1_170' title='bbox 263 3320 356 3407; x_wconf 86' lang='lat' dir='ltr'><strong>igitur</strong></span> <span class='ocrx_word' id='word_1_171' title='bbox 369 3321 507 3408; x_wconf 80' lang='lat' dir='ltr'><strong>singulae</strong></span> <span class='ocrx_word' id='word_1_172' title='bbox 523 3325 612 3388; x_wconf 90' lang='lat' dir='ltr'><strong>urbes</strong></span> <span class='ocrx_word' id='word_1_173' title='bbox 626 3325 658 3388; x_wconf 94' lang='lat' dir='ltr'><strong>in</strong></span> <span class='ocrx_word' id='word_1_174' title='bbox 676 3321 803 3407; x_wconf 76' lang='lat' dir='ltr'><strong>singulis</strong></span> <span class='ocrx_word' id='word_1_175' title='bbox 822 3318 1028 3395; x_wconf 89' lang='lat' dir='ltr'><strong>districtibus,</strong></span> <span class='ocrx_word' id='word_1_176' title='bbox 1044 3340 1118 3384; x_wconf 90' lang='lat' dir='ltr'><strong>con·</strong></span> <span class='ocrx_word' id='word_1_177' title='bbox 1218 3360 1221 3365; x_wconf 92' lang='lat'><em>-</em></span> 
     </span>
    </p>
   </div>
   <div class='ocr_carea' id='block_1_4' title="bbox 155 3428 1119 3518">
    <p class='ocr_par' dir='ltr' id='par_1_5' title="bbox 155 3428 1119 3518">
     <span class='ocr_line' id='line_1_27' title="bbox 155 3428 1119 3518; baseline 0.002 -23"><span class='ocrx_word' id='word_1_178' title='bbox 155 3431 290 3517; x_wconf 90' lang='lat' dir='ltr'><strong>junctim</strong></span> <span class='ocrx_word' id='word_1_179' title='bbox 319 3432 499 3518; x_wconf 79' lang='lat' dir='ltr'><strong>eligentium</strong></span> <span class='ocrx_word' id='word_1_180' title='bbox 529 3435 652 3499; x_wconf 92' lang='lat' dir='ltr'><strong>urbium</strong></span> <span class='ocrx_word' id='word_1_181' title='bbox 677 3432 876 3498; x_wconf 91' lang='lat' dir='ltr'><strong>electionibus</strong></span> <span class='ocrx_word' id='word_1_182' title='bbox 900 3428 1079 3515; x_wconf 80' lang='lat' dir='ltr'><strong>peragendis</strong></span> <span class='ocrx_word' id='word_1_183' title='bbox 1102 3454 1119 3497; x_wconf 85' lang='lat' dir='ltr'><strong>a</strong></span> 
     </span>
    </p>
   </div>
   <div class='ocr_carea' id='block_1_5' title="bbox 156 3663 1117 4186">
    <p class='ocr_par' dir='ltr' id='par_1_6' title="bbox 156 3663 1117 3828">
     <span class='ocr_line' id='line_1_28' title="bbox 192 3663 1117 3734; baseline -0.001 -16"><span class='ocrx_word' id='word_1_184' title='bbox 192 3668 309 3718; x_wconf 82' lang='lat' dir='ltr'><strong>¹Lrsde</strong></span> <span class='ocrx_word' id='word_1_185' title='bbox 327 3668 413 3720; x_wconf 83' lang='lat' dir='ltr'><strong>lirand.</strong></span> <span class='ocrx_word' id='word_1_186' title='bbox 435 3666 513 3734; x_wconf 79' lang='lat'><strong>§58,</strong></span> <span class='ocrx_word' id='word_1_187' title='bbox 528 3670 557 3717; x_wconf 87' lang='lat' dir='ltr'><strong>de</strong></span> <span class='ocrx_word' id='word_1_188' title='bbox 574 3670 627 3718; x_wconf 88' lang='lat' dir='ltr'><strong>llor.</strong></span> <span class='ocrx_word' id='word_1_189' title='bbox 648 3668 661 3733; x_wconf 66' lang='lat' dir='ltr'><strong>p</strong></span> <span class='ocrx_word' id='word_1_190' title='bbox 684 3667 731 3728; x_wconf 82' lang='lat'><strong>58,</strong></span> <span class='ocrx_word' id='word_1_191' title='bbox 750 3668 883 3716; x_wconf 77' lang='lat' dir='ltr'><strong>del&#39;onrer.</strong></span> <span class='ocrx_word' id='word_1_192' title='bbox 905 3663 978 3730; x_wconf 56' lang='grc'><strong>957,</strong></span> <span class='ocrx_word' id='word_1_193' title='bbox 994 3664 1023 3713; x_wconf 83' lang='lat' dir='ltr'><strong>ds</strong></span> <span class='ocrx_word' id='word_1_194' title='bbox 1041 3665 1117 3718; x_wconf 85' lang='lat' dir='ltr'><strong>llbea.</strong></span> 
     </span>
     <span class='ocr_line' id='line_1_29' title="bbox 156 3753 964 3828; baseline -0.005 -18"><span class='ocrx_word' id='word_1_195' title='bbox 156 3764 217 3828; x_wconf 66' lang='lat' dir='ltr'><strong>pap</strong></span> <span class='ocrx_word' id='word_1_196' title='bbox 234 3760 285 3822; x_wconf 73' lang='lat'><strong>⁶8,</strong></span> <span class='ocrx_word' id='word_1_197' title='bbox 301 3760 442 3825; x_wconf 84' lang='lat' dir='ltr'><strong>dellestpb.</strong></span> <span class='ocrx_word' id='word_1_198' title='bbox 459 3759 536 3826; x_wconf 75' lang='lat'><strong>§58,</strong></span> <span class='ocrx_word' id='word_1_199' title='bbox 553 3760 661 3809; x_wconf 81' lang='lat' dir='ltr'><strong>del’osn.</strong></span> <span class='ocrx_word' id='word_1_200' title='bbox 681 3757 757 3824; x_wconf 62' lang='lat'><strong>556,</strong></span> <span class='ocrx_word' id='word_1_201' title='bbox 774 3757 874 3806; x_wconf 83' lang='lat' dir='ltr'><strong>dsSss.</strong></span> <span class='ocrx_word' id='word_1_202' title='bbox 893 3753 964 3820; x_wconf 73' lang='lat' dir='ltr'><strong>§bib</strong></span> 
     </span>
    </p>

    <p class='ocr_par' dir='ltr' id='par_1_7' title="bbox 190 3843 986 3920">
     <span class='ocr_line' id='line_1_30' title="bbox 190 3843 986 3920; baseline -0.014 -16"><span class='ocrx_word' id='word_1_203' title='bbox 190 3850 495 3920; x_wconf 51' lang='lat' dir='ltr'><strong>&#39;hadebrandplffi</strong></span> <span class='ocrx_word' id='word_1_204' title='bbox 513 3853 607 3902; x_wconf 82' lang='lat' dir='ltr'><strong>dsllor.</strong></span> <span class='ocrx_word' id='word_1_205' title='bbox 629 3848 701 3916; x_wconf 68' lang='lat'><strong>519,</strong></span> <span class='ocrx_word' id='word_1_206' title='bbox 719 3849 748 3898; x_wconf 91' lang='lat' dir='ltr'><strong>ds</strong></span> <span class='ocrx_word' id='word_1_207' title='bbox 765 3843 938 3913; x_wconf 69' lang='lat' dir='ltr'><strong>Pomonpld.</strong></span> <span class='ocrx_word' id='word_1_208' title='bbox 982 3843 986 3851; x_wconf 83' lang='grc'><strong>’</strong></span> 
     </span>
    </p>

    <p class='ocr_par' dir='ltr' id='par_1_8' title="bbox 156 3935 1114 4103">
     <span class='ocr_line' id='line_1_31' title="bbox 190 3935 1114 4010; baseline -0.006 -14"><span class='ocrx_word' id='word_1_209' title='bbox 190 3945 201 3979; x_wconf 85' lang='lat'><strong>³</strong></span> <span class='ocrx_word' id='word_1_210' title='bbox 218 3947 266 3995; x_wconf 82' lang='lat' dir='ltr'><strong>Lex</strong></span> <span class='ocrx_word' id='word_1_211' title='bbox 279 3946 308 3995; x_wconf 83' lang='lat' dir='ltr'><strong>de</strong></span> <span class='ocrx_word' id='word_1_212' title='bbox 322 3946 359 3995; x_wconf 87' lang='lat' dir='ltr'><strong>llb</strong></span> <span class='ocrx_word' id='word_1_213' title='bbox 386 3963 422 4008; x_wconf 88' lang='lat' dir='ltr'><strong>pr.</strong></span> <span class='ocrx_word' id='word_1_214' title='bbox 442 3945 455 4010; x_wconf 53' lang='grc' dir='ltr'>ᾗ</span> <span class='ocrx_word' id='word_1_215' title='bbox 466 3941 498 3993; x_wconf 85' lang='grc'><strong>19</strong></span> <span class='ocrx_word' id='word_1_216' title='bbox 510 3953 534 3993; x_wconf 87' lang='lat' dir='ltr'><strong>st</strong></span> <span class='ocrx_word' id='word_1_217' title='bbox 549 3939 597 4004; x_wconf 88' lang='grc'><strong>22,</strong></span> <span class='ocrx_word' id='word_1_218' title='bbox 616 3940 645 3988; x_wconf 87' lang='lat' dir='ltr'><strong>ds</strong></span> <span class='ocrx_word' id='word_1_219' title='bbox 654 3939 757 4003; x_wconf 75' lang='lat' dir='ltr'><strong>westph.</strong></span> <span class='ocrx_word' id='word_1_220' title='bbox 769 3939 783 4004; x_wconf 70' lang='lat' dir='ltr'><strong>p</strong></span> <span class='ocrx_word' id='word_1_221' title='bbox 793 3937 858 3989; x_wconf 74' lang='lat' dir='ltr'><strong>teet</strong></span> <span class='ocrx_word' id='word_1_222' title='bbox 870 3935 919 4000; x_wconf 89' lang='grc'><strong>22,</strong></span> <span class='ocrx_word' id='word_1_223' title='bbox 931 3936 960 3986; x_wconf 85' lang='lat' dir='ltr'><strong>ds</strong></span> <span class='ocrx_word' id='word_1_224' title='bbox 972 3939 1040 3989; x_wconf 77' lang='lat' dir='ltr'><strong>Porri.</strong></span> <span class='ocrx_word' id='word_1_225' title='bbox 1050 3938 1114 4005; x_wconf 69' lang='lat' dir='ltr'><strong>tlt,</strong></span> 
     </span>
     <span class='ocr_line' id='line_1_32' title="bbox 156 4022 812 4103; baseline 0.005 -15"><span class='ocrx_word' id='word_1_226' title='bbox 156 4039 184 4088; x_wconf 67' lang='lat' dir='ltr'><strong>as</strong></span> <span class='ocrx_word' id='word_1_227' title='bbox 201 4039 255 4088; x_wconf 70' lang='lat' dir='ltr'><strong>su.</strong></span> <span class='ocrx_word' id='word_1_228' title='bbox 281 4036 344 4103; x_wconf 73' lang='lat' dir='ltr'><strong>prs.</strong></span> <span class='ocrx_word' id='word_1_229' title='bbox 809 4022 812 4029; x_wconf 85' lang='lat'>&#39;</span> 
     </span>
    </p>

    <p class='ocr_par' dir='ltr' id='par_1_9' title="bbox 190 4123 649 4186">
     <span class='ocr_line' id='line_1_33' title="bbox 190 4123 649 4186; baseline -0.024 -5"><span class='ocrx_word' id='word_1_230' title='bbox 190 4131 200 4161; x_wconf 74' lang='lat'>⁸</span> <span class='ocrx_word' id='word_1_231' title='bbox 216 4131 318 4181; x_wconf 77' lang='lat' dir='ltr'><strong>ordinat.</strong></span> <span class='ocrx_word' id='word_1_232' title='bbox 333 4129 367 4181; x_wconf 82' lang='lat'><strong>15</strong></span> <span class='ocrx_word' id='word_1_233' title='bbox 383 4133 437 4180; x_wconf 87' lang='lat' dir='ltr'><strong>llec.</strong></span> <span class='ocrx_word' id='word_1_234' title='bbox 457 4124 531 4186; x_wconf 69' lang='lat'><strong>18³0,</strong></span> <span class='ocrx_word' id='word_1_235' title='bbox 549 4127 598 4174; x_wconf 75' lang='lat' dir='ltr'><strong>brt.</strong></span> <span class='ocrx_word' id='word_1_236' title='bbox 612 4123 649 4171; x_wconf 82' lang='lat' dir='ltr'><strong>ll.</strong></span> 
     </span>
    </p>
   </div>
   <div class='ocr_carea' id='block_1_6' title="bbox 0 0 1374 4740">
    <p class='ocr_par' dir='ltr' id='par_1_10' title="bbox 0 0 1374 4740">
     <span class='ocr_line' id='line_1_34' title="bbox 0 0 1374 4740; baseline 0 3"><span class='ocrx_word' id='word_1_237' title='bbox 0 0 1374 4740; x_wconf 95' lang='lat' dir='ltr'><strong> </strong></span> 
     </span>
    </p>
   </div>
  </div>
 </body>
</html>
