2738 4740
603 448 669 512 2⁷2

151 643 237 718 patus
249 631 384 717 partibus
397 653 434 697 ac
448 631 522 697 locis
539 630 664 716 aliquot,
680 649 762 714 quae
775 629 959 697 8111111111
975 631 1133 722 bucusque

151 745 272 810 ditionis
287 746 415 811 lucrant.
428 745 465 812 V.
481 745 561 811 Actt.
579 742 688 829 Gongr.
701 742 818 810 Vieuu.
841 744 916 813 Art.
939 750 999 826 27,
1020 749 1066 816 29
1083 754 1130 825 ³0,

151 861 203 934 31,
216 859 269 923 32.
292 858 483 942 Recuperata
497 854 626 920 feliciter
638 855 780 940 imperio,
799 853 883 921 nihil
903 858 1011 944 patius
1029 859 1129 927 babuit

149 968 388 1054 Guelpbensium
418 967 457 1033 de
484 968 576 1052 stirpe
601 967 758 1051 princeps,
786 989 893 1055 quam
918 981 957 1035 ut
975 973 1125 1058 pristiam

151 1082 292 1149 ordinum
319 1083 353 1147 111
383 1081 517 1146 Η1111111
548 1078 795 1146 constitutionem
823 1092 1028 1153 restauraret.
1064 1087 1123 1151 tte:

149 1196 245 1283 igitur
269 1194 386 1259 diaetae
404 1191 561 1257 habendae
582 1189 739 1257 convocati
765 1191 899 1259 fuerunt
925 1195 1023 1284 legati
1043 1198 1121 1263 nobi·

151 1309 226 1374 lium
246 1308 352 1384 XLIII,
382 1306 568 1370 urbanorum
589 1314 692 1369 autem
709 1314 741 1367 et
761 1303 957 1372 clericorum
975 1310 1119 1378 mvn

194 1420 274 1486 Anni
296 1429 398 1485 autem
423 1421 507 1486 1819
528 1416 669 1493 initio,a
696 1415 838 1501 principe
856 1439 986 1487 summo
1001 1423 1119 1509 imperio

151 1533 232 1618 apud
247 1532 361 1618 Anglos
377 1553 431 1616 per
448 1530 659 1616 interregnum
675 1527 833 1613 irrigante,
850 1530 892 1595 ad
903 1532 1117 1600 ordinesbosot

151 1648 257 1712 missae
271 1657 341 1710 sunt
359 1645 474 1721 literae,
495 1643 607 1729 quibus
629 1640 669 1707 de
683 1641 877 1709 emendanda
895 1647 1043 1714 ordinum
1058 1648 1115 1713 de·

151 1759 299 1844 criptione
313 1757 454 1822 certiores
466 1776 516 1819 eos
534 1753 619 1819 reddi
634 1753 762 1819 curabat
777 1755 974 1845 rogabatque
990 1772 1034 1839 ut,
1047 1783 1116 1849 qnae

150 1871 310 1956 superista
329 1889 361 1930 re
383 1867 436 1930 ille
455 1865 488 1929 in
511 1867 614 1930 animo
636 1864 771 1949 baberet,
792 1867 850 1952 ipsi
876 1874 1115 1958 comprobatione

151 2005 204 2049 sua
219 1982 332 2045 vellent
347 1977 526 2045 confirmare
542 1979 628 2043 »Non
643 2001 675 2042 se
685 1977 717 2042 id
730 1988 904 2063 spectare,'’
920 1983 999 2051 baec
1009 1987 1115 2073 inepis-

153 2096 214 2161 told
235 2093 415 2182 legebantur
435 2102 490 2155 »ut
510 2089 609 2155 recedi
626 2089 790 2176 aliquando
811 2106 914 2176 posset
932 2097 974 2162 ab
993 2120 1028 2164 ea
1049 2100 1114 2186 lege,

152 2231 212 2295 qua
233 2229 325 2293 penes
346 2205 466 2270 ordines
483 2205 522 2283 sit
549 2214 615 2267 tum
632 2203 665 2267 iu
688 2202 837 2289 erigenda
858 2207 979 2275 tributa
999 2232 1113 2276 conseo

153 2323 219 2396 tire,
248 2332 313 2384 tum
331 2316 526 2383 ferendarum
546 2316 652 2402 legum
671 2314 833 2401 participes
851 2315 972 2400 baberi,
995 2343 1113 2410 quemn

152 2433 267 2498 scilicet
293 2430 413 2515 jurium
449 2428 657 2493 salubritatem
704 2427 774 2491 satis
818 2433 985 2501 manifesto
1015 2435 1115 2502 indicio

152 2542 336 2629 experientia
360 2540 587 2615 declararisset,
621 2560 693 2605 cum
710 2561 839 2627 quoquc
859 2545 1028 2612 absurdum
1050 2560 1115 2612 11111

153 2657 339 2730 existimare,
362 2675 442 2740 quae
461 2654 543 2740 leges
563 2652 650 2718 nullo
680 2675 737 2717 usu
769 2655 896 2739 publico
918 2660 1114 2732 confirmatae.

153 2784 309 2857 tamquam
322 2767 521 2833 fundamento
533 2787 599 2842 suo,
617 2766 802 2852 pervulgatis
813 2767 1002 2853 quibusdam
1011 2773 1116 2859 placitis

154 2884 355 2950 unicolorent
373 2891 606 2968 superstructum
629 2877 681 2942 bas
703 2899 809 2943 aarum
826 2902 916 2965 posse
932 2884 1066 2950 fructum
1076 2894 1117 2950 at·

155 3021 216 3085 quc
238 2995 400 3061 utilitatem
424 2992 632 3079 aequiparare,
651 3011 732 3077 quae
750 3013 785 3056 er
802 2992 869 3078 ipsa
887 3017 1011 3063 mamm
1028 2997 1117 3064 effic·

155 3110 246 3174 citata
264 3129 300 3172 ac
327 3107 369 3170 rei
390 3104 532 3191 publicae
550 3102 778 3168 necessitatibus
801 3104 932 3173 luissent
952 3119 1117 3198 prognatae,

157 3234 222 3286 tum
249 3218 403 3305 paullatim
433 3215 610 3282 emendatae
636 3226 731 3302 atque
764 3217 993 3288 corroboratae.
1043 3223 1117 3304 Quae

157 3355 230 3399 cum
244 3332 286 3397 ita
298 3341 407 3407 essent,
418 3328 449 3394 id
466 3327 620 3415 agendum
631 3327 799 3407 ridebatur,
811 3341 847 3395 nt
863 3333 998 3400 selectim
1012 3357 1046 3400 ex
1057 3332 1118 3398 uni·

159 3465 243 3511 verso
266 3442 380 3528 populo
400 3451 587 3518 conventus,
618 3461 719 3526 aquo
738 3440 932 3528 singularum
954 3446 1118 3531 provincia·

160 3582 228 3626 rum
246 3556 410 3623 conciones
427 3555 526 3640 excipi
546 3564 709 3641 oporteret,
732 3554 770 3620 ad
787 3557 966 3642 exemplum
987 3559 1119 3645 pristinae

160 3669 387 3741 consuetudinis
405 3669 511 3753 populi
540 3668 731 3733 llanorerani
752 3668 993 3751 reformaretur,
1016 3673 1047 3737 in
1066 3689 1119 3757 qao

161 3785 241 3851 baud
267 3781 429 3848 minimum
445 3791 532 3858 11111,
547 3778 643 3866 quad,
665 3779 744 3846 sicut
758 3779 941 3868 abantiquo
960 3784 1033 3849 iude
1052 3795 1118 3848 ten

161 3920 235 3986 para
251 3894 402 3961 rariamm
419 3892 539 3958 ordines
551 3892 775 3978 provinciarum
796 3893 829 3957 in
850 3895 953 3961 curias
975 3893 1118 3979 descripti,

162 4012 284 4076 decreta
307 4005 398 4070 edere
422 4004 487 4070 fere
509 4004 659 4082 solerent,
688 4005 731 4070 ita
752 4026 836 4070 nunc
856 4004 966 4071 concio
992 4028 1028 4072 ea
1049 4023 1119 4093 quae

166 4123 255 4188 totius
283 4117 388 4205 populi
416 4116 482 4180 rice
513 4126 589 4180 essct
613 4115 774 4194 iunctura,
807 4115 923 4200 duplici
952 4119 1039 4183 curii
1066 4116 1120 4179 aire
