2738 4740
594 414 659 479 266

593 616 663 699 §n

259 770 443 862 Praecepta
462 771 503 837 de
524 771 729 837 electionibus
754 772 966 863 legatorum
987 801 1034 844 es

491 884 607 950 crdsire
629 887 765 950 mistico.

186 1044 275 1110 llisoe
295 1042 466 1109 isodtandis
486 1042 696 1121 electionibus,
715 1043 795 1108 situs
813 1056 926 1133 etque
939 1050 1142 1118 nmbsotuum

142 1155 376 1233 distributionis,
399 1167 551 1242 quantum
570 1155 636 1221 lieri
654 1166 763 1241 potest,
784 1158 919 1226 ratione
934 1160 1070 1242 habita,
1083 1164 1143 1250 pui

142 1270 206 1335 lere
235 1272 334 1357 spatio
360 1270 610 1357 vigintiquinque
640 1268 778 1335 electerii
809 1268 990 1341 districtus
1023 1275 1142 1365 (wibl-

142 1383 278 1471 besirke)
300 1382 538 1466 describuntur,
567 1403 702 1469 quorum
723 1381 869 1469 quisque
895 1387 1051 1476 singulos
1075 1390 1142 1453 m'u·

141 1517 230 1561 surus
244 1495 282 1560 sit
296 1496 411 1583 legatos
428 1497 452 1562 ¹.
487 1496 585 1581 liujus
600 1515 727 1582 quoque
744 1493 853 1560 elassis
873 1498 984 1588 legati
998 1502 1045 1567 ab
1062 1502 1143 1568 elec-

142 1620 244 1675 torum
261 1609 276 1653 ²
294 1610 472 1695 corporibus
490 1609 699 1697 designantur.
731 1607 964 1677 Constituendi
991 1614 1140 1680 electum

142 1745 214 1787 rure
232 1722 394 1809 participes
418 1733 488 1786 sunt
507 1723 554 1786 illi
571 1742 686 1798 omnes,
704 1720 770 1806 qui,
795 1733 932 1805 praeter
953 1747 1138 1791 communes

141 1832 236 1918 adjus
249 1833 385 1919 suffragii
396 1831 598 1898 obtinendum
611 1831 770 1919 requisitos
780 1831 1009 1913 conditiones,
1020 1836 1136 1903 domini

141 1945 308 2011 exstiterint
346 1944 461 2031 praedii
491 1946 634 2033 agrestis,
672 1944 799 2011 sedibus
832 1945 874 2009 sd
920 1947 1133 2017 habitandum

141 2059 282 2125 instructi
306 2080 410 2147 neque
434 2059 627 2146 equestribus
648 2058 750 2124 fundis
770 2062 978 2126 annumerati
998 2063 1025 2130 ³.
1073 2061 1131 2145 Qui

141 2174 229 2259 plurn
248 2175 282 2238 in
303 2173 411 2238 eodem
426 2172 563 2237 districtu
580 2172 672 2238 hebet
688 2170 854 2249 domicilio,
875 2193 986 2239 unum
1011 2186 1129 2242 mutum

141 2286 232 2351 edere
264 2297 364 2370 potest
396 2285 591 2373 suffragium
619 2286 694 2350 item
717 2284 856 2370 plurium
879 2306 990 2352 unum
1018 2308 1126 2375 agrum

141 2419 196 2483 pro
214 2397 344 2463 indiviso
367 2398 587 2482 possidentium
611 2420 692 2463 unus
710 2408 842 2475 mutum,
868 2408 902 2462 et
923 2399 1073 2485 quidem,
1092 2420 1124 2463 er

140 2510 279 2596 analogii
304 2510 406 2594 placiti
432 2508 450 2591 §
475 2514 528 2589 31,
555 2511 630 2598 legis
652 2509 692 2576 de
713 2511 802 2575 elect
825 2510 986 2577 maximus
1014 2523 1123 2585 aetate,

140 2621 276 2710 suffragii
292 2622 343 2708 jus
364 2644 507 2689 exercere
525 2621 616 2688 debet
632 2623 656 2690 ⁴.
695 2623 863 2708 Utriusque
887 2622 1055 2690 electionis
1071 2646 1123 2689 ne

141 2735 260 2823 gotium
281 2758 351 2800 rure
370 2736 508 2801 similiter
527 2734 726 2800 moderantur
739 2735 943 2800 commissarii
959 2736 1051 2823 regii.
1083 2735 1120 2798 lli

147 2849 180 2913 in
199 2849 328 2937 singulis
355 2847 554 2926 districtibus,
577 2847 776 2933 probantibus
799 2846 1040 2931 imperantibus,
1057 2848 1120 2912 offi-

141 2962 223 3027 cium
238 2963 319 3028 illud
333 2985 388 3048 per
406 2961 609 3027 mandatarius
625 2973 750 3048 possunt
770 2982 930 3038 exercere,
951 2962 1120 3050 dequibus

142 3078 242 3142 volent
256 3077 369 3155 omnis,
386 3098 466 3163 quae
481 3075 563 3141 circe
579 3076 797 3141 commissarios
811 3076 892 3161 ipsos
899 3078 1019 3143 sancus
1034 3099 1119 3162 repc-

143 3191 264 3255 riuntnr
273 3190 296 3255 5.
320 3191 459 3278 Quisque
474 3188 627 3254 districtus
640 3189 674 3255 in
687 3188 791 3274 plures
805 3188 950 3255 electioni
959 3189 1119 3257 faciendae

144 3304 281 3389 regiones
314 3294 661 3390 (thlnbtbeilungen)
690 3301 894 3387 dispescitur,
917 3305 949 3367 in
985 3324 1117 3391 querum

144 3436 329 3502 rrrrequaque
346 3436 493 3481 numerus
507 3417 675 3502 requiritur
691 3415 806 3481 civium
820 3415 940 3500 primae
956 3415 1117 3482 obeundae

144 3529 298 3593 electionis
312 3528 364 3613 jus
382 3526 564 3594 habentium
584 3524 786 3617 (Urw'e'rblem)
805 3529 1002 3616 septuaginta
1027 3530 1116 3616 quin·

143 3663 215 3727 que.
250 3640 427 3726 Complures
454 3642 566 3729 psgelli
596 3663 699 3728 neque
725 3663 787 3706 non
821 3640 952 3720 domus,
975 3643 1115 3728 praedis,

143 3755 243 3819 molae
259 3755 292 3818 in
307 3753 456 3838 ejusmodi
475 3753 631 3841 regionem
656 3755 712 3818 rite
725 3753 962 3841 conjunguntur
972 3757 995 3824 ⁶.
1027 3758 1064 3821 ln
1083 3755 1116 3819 iis

135 3886 349 3897 ———-----

180 3940 186 3971 ¹
205 3941 266 3989 rus.
351 3973 356 3984 .
676 3934 765 3983 usn.
783 3934 797 4000 q
814 3932 857 3983 7⁵.

314 3938 347 3986 st

180 4032 190 4063 ³
207 4032 268 4081 rose.
284 3940 299 4099 ἓ
316 4030 359 4080 re.
674 4027 685 4060 ⁴
702 4027 762 4076 rus.
780 4027 794 4093 p
814 4024 855 4075 nr.

286 4128 299 4190 p
318 4123 351 4171 ss

182 4124 269 4173 ⁵rna.
354 4160 359 4170 .
678 4120 767 4169 ⁶1uu.
786 4119 800 4186 p
819 4118 861 4170 79.
