2738 4740
714 390 756 450 98

253 573 379 659 scriptos
394 571 486 637 habet
506 571 704 646 consiliarios,
723 591 856 657 quorum
878 568 942 634 duo
960 568 1125 655 episcopos,
1144 569 1221 634 alte·

254 705 323 747 rum
339 684 535 761 catholicum,
550 682 776 749 schismaticum
794 684 933 763 alterum;
954 693 1019 746 tum
1040 704 1076 746 ex
1090 684 1222 767 optima·

253 799 331 863 tium
350 797 457 862 ordine
473 807 629 883 magnates
643 794 705 861 duo
718 819 756 862 ac
773 818 823 860 sex
836 795 990 860 inferioris
1007 795 1120 860 ordinis
1132 797 1222 860 nobi-

254 911 316 987 les,
335 930 469 996 quorum
483 908 622 974 omnium
636 930 729 993 penes
740 929 843 994 regem
862 918 907 970 est
919 906 1098 994 designatio.
1123 908 1222 972 Juris·

253 1021 348 1088 dictio
374 1022 455 1087 cirea
472 1021 598 1087 clericos
615 1020 820 1104 peculiaribus
842 1019 1044 1085 tribunalibus
1069 1031 1115 1084 est
1130 1041 1225 1084 com-

253 1136 358 1214 missa,
391 1156 471 1222 quao
500 1133 732 1222 distinguuntur
759 1132 793 1197 in
820 1133 984 1198 tribunalia
1016 1132 1224 1208 dioecesium,

253 1249 357 1334 priori,
374 1268 455 1334 quae
474 1245 597 1323 dicitur,
614 1246 755 1311 instantii
768 1267 873 1310 causas
888 1244 1058 1329 judicantia
1079 1257 1110 1309 et
1126 1245 1225 1310 tribu·

222 1443 226 1455 ἱ
253 1361 334 1425 nalia
358 1359 604 1444 metropolitana,
624 1357 733 1444 prioris
754 1357 846 1420 simul
864 1368 895 1421 et
912 1357 1036 1421 alterius
1064 1357 1226 1423 instantiae

253 1473 428 1539 facultatem
443 1470 596 1537 habentia.
630 1474 736 1558 ltaque
755 1493 912 1536 summum
924 1473 1100 1558 Huugariae
1116 1471 1225 1537 dicas-

256 1587 377 1664 terium,
396 1585 512 1650 Tabula
535 1586 760 1670 Septemviralis
778 1581 907 1662 dietum,
926 1586 1007 1670 quod
1027 1588 1225 1673 caeteroquin

254 1699 293 1761 de
312 1696 454 1763 omnibus
473 1697 698 1782 cujuscumque
715 1697 835 1782 generis
857 1698 957 1762 causis
979 1719 1164 1785 cognoscere
1177 1721 1226 1763 so-

254 1810 308 1886 let,
325 1810 357 1873 in
375 1807 601 1894 pontificiorum
613 1809 721 1873 litibus
731 1809 979 1894 jurisdictionem
991 1809 1081 1876 habet
1095 1811 1225 1876 nullam.

386 2009 422 2096 C)
445 2010 495 2080 Do
519 2009 665 2078 Urbano
688 2033 730 2077 oc
747 2011 890 2097 juribus
919 2013 1098 2078 liberatum

578 2125 706 2191 urbium
724 2128 906 2213 regiorum.

297 2261 374 2326 Cum
401 2262 504 2326 liberis
533 2261 661 2327 urbibus
690 2262 780 2349 regiis
815 2262 1078 2326 communicatum
1109 2272 1154 2325 cst
1174 2263 1228 2347 jus

255 2372 368 2457 legatos
388 2372 420 2434 in
436 2384 622 2438 conventum
641 2374 801 2458 poblicum
817 2373 968 2438 mittendi.
991 2374 1229 2438 considerantur

255 2492 359 2546 autum
389 2482 460 2547 illae
490 2494 646 2570 tamquam
670 2507 739 2570 pars
767 2487 925 2550 redituum
946 2487 1059 2550 summi
1085 2486 1228 2572 imperii,

243 2593 441 2674 inalienabili
475 2596 565 2658 titulo
602 2595 631 2659 ei
662 2598 799 2681 subjecta
843 2599 1047 2685 omnibusque
1080 2600 1229 2664 fruuntur

251 2705 386 2791 juribus,
407 2728 487 2793 quae
504 2707 653 2772 nobilium
677 2709 775 2774 ordini
791 2723 965 2797 competere
982 2712 1125 2777 diximus.
1167 2715 1230 2777 lm-

256 2841 365 2884 munes
396 2820 491 2907 igitur
519 2819 671 2886 habentur
694 2824 821 2888 istarum
850 2825 975 2889 urbium
1007 2826 1089 2889 cives
1115 2848 1231 2910 apor-

256 2932 350 3009 toriis,
368 2932 399 2996 in
412 2932 601 3012 militaribus,
613 2954 694 3022 quae
712 2946 870 3017 ¹vocantur,
893 2937 1069 3023 regionibus
1084 2936 1229 3024 (ttitiur-

258 3047 383 3130 griinae)
400 3045 559 3110 solvendis.
578 3047 685 3111 Libera
705 3046 797 3111 iidcm
819 3070 944 3135 quoque
964 3061 1095 3113 utuntur
1116 3051 1230 3137 magis-

258 3167 397 3222 tratuum
413 3181 538 3223 suorum
554 3161 718 3238 electione,
732 3172 798 3224 tum
815 3162 1120 3247 burgimagistrorum
1136 3174 1232 3249 atque

256 3267 408 3354 judicum,
434 3270 565 3355 exceptis
596 3282 713 3336 tautum
744 3273 995 3357 municipalitatis
1029 3273 1230 3349 consiliariis,

259 3402 391 3467 quorum
412 3384 576 3471 collegium
598 3406 660 3448 non
677 3395 793 3449 tantum
808 3385 1029 3470 jurisdictione
1045 3387 1179 3472 lungeos
1197 3386 1230 3449 in

260 3493 399 3558 civilibus
418 3517 455 3559 ao
477 3495 686 3561 criminalibus
717 3498 815 3562 causis
836 3497 967 3576 civium,
993 3499 1073 3563 vitae
1094 3509 1125 3562 et
1144 3499 1230 3563 necis

260 3603 388 3689 proiudo
401 3605 492 3670 habet
508 3617 695 3691 potestatem,
712 3631 818 3674 rerum
838 3608 929 3674 etiam
948 3612 1138 3693 conjunctim
1154 3633 1228 3675 cuna

261 3719 455 3785 universitate
465 3721 577 3785 civium
590 3721 712 3787 decreta
725 3724 871 3809 legesque
882 3724 1083 3810 municipales
1094 3723 1230 3790 confice-

262 3853 296 3895 re
311 3832 394 3909 solet,
405 3855 535 3919 quarum
549 3835 711 3902 auctoritas
720 3837 814 3922 ipsius
824 3837 908 3901 urbis
921 3838 1083 3901 moenibus
1096 3837 1231 3902 circum·

261 3942 371 4024 scripta
389 3965 449 4008 non
466 3945 556 4010 debet
569 3949 726 4035 universae
745 3950 874 4014 civitatis
888 3950 1006 4036 legibus
1020 3950 1083 4014 ulla
1096 3972 1131 4013 cr
1141 3960 1230 4034 parte

261 4051 419 4118 adversari.
436 4056 572 4142 Singulis
588 4059 689 4123 liberis
704 4061 832 4126 urbibus
842 4061 914 4145 jura
931 4072 1108 4146 competunt
1124 4072 1228 4145 patro·
