2738 4740
739 401 778 463 10

271 583 367 668 gisse:
388 582 572 667 sponderent
591 594 711 660 autern,
734 584 861 647 minime
879 607 944 649 sese
960 586 1190 662 commissuros,
1212 599 1248 652 ut

271 697 303 760 in
335 706 490 781 posterum
528 716 655 781 qnoque
688 696 819 760 similem
855 697 894 761 ab
926 697 962 761 iis
993 697 1247 785 gratificationem
1334 669 1339 683 Ι

272 818 447 893 expeterent
465 807 492 869 ¹:
517 828 619 892 neque
640 828 709 870 raro
728 808 819 872 etiam
840 807 954 873 lactum
972 809 1084 887 larissa,
1108 821 1160 889 ut,
1184 832 1248 898 quo

271 922 340 1006 plns
357 921 510 1005 promissis
537 920 597 983 illis
617 918 782 984 adderetur
811 920 1012 999 firmamenti,
1036 923 1109 1000 sibi,
1131 947 1166 989 es
1191 947 1248 990 ne·

272 1033 475 1121 gligentibus,
503 1033 530 1095 ri
553 1044 583 1096 et
596 1032 688 1096 armis
705 1033 863 1097 obnitendi
875 1034 1064 1112 libertatem,
1085 1035 1166 1100 band
1180 1058 1247 1101 am-

271 1147 365 1236 biguis
386 1145 608 1222 declaratione,
635 1146 792 1210 ordinibus
812 1146 997 1232 imperantes
1015 1148 1205 1213 vindicarent
1222 1149 1247 1215 ².

271 1261 425 1342 Quorsum
447 1260 563 1324 scilicet
584 1258 738 1343 pertinent
759 1280 840 1345 quae
862 1260 900 1323 de
922 1263 1089 1338 roauual,
1112 1262 1248 1326 Brabon-

272 1375 330 1441 tiae
350 1375 453 1449 Duce,
471 1373 638 1437 memoriae
658 1372 778 1456 prodita
796 1374 985 1458 reperimus,
1011 1396 1100 1449 eum,
1128 1396 1247 1461 quum,

272 1488 399 1552 obrutus
419 1508 489 1551 aere
510 1486 628 1562 alieno,
653 1485 758 1549 tributi
778 1485 818 1549 ab
841 1485 1000 1551 ordinibus
1021 1488 1248 1553 concessionem

271 1600 505 1688 impetravisset,
525 1619 683 1684 quamque
703 1598 835 1663 diximus
846 1600 1081 1687 obligationem,
1094 1602 1165 1688 ipsis
1181 1624 1249 1687 pos·

273 1712 461 1788 tulantibus,
489 1723 520 1775 et
541 1712 598 1775 sibi
629 1721 659 1774 et
678 1711 804 1795 posteris
833 1712 1011 1798 suscepisset
1032 1713 1175 1800 jurisque
1196 1715 1249 1799 jn·

276 1825 361 1891 randi
389 1825 538 1912 religione
560 1823 815 1902 confirmavisset,
846 1846 907 1889 nou
939 1837 1059 1891 tantum
1090 1827 1249 1893 ordinibus

272 1939 438 2025 ancipitem
457 1939 544 2002 illam
571 1937 726 2002 resistendi
747 1938 942 2015 facultatem,
954 1937 986 2002 si
1006 1962 1093 2005 secus
1114 1942 1249 2019 lecisset,

271 2053 453 2128 adseruisse,
478 2073 584 2115 rerum
615 2052 705 2115 etiam
732 2050 965 2136 praecipuarum
993 2053 1117 2117 urbium
1141 2055 1252 2141 magis·

275 2168 402 2233 tratibns
413 2166 532 2232 reniam
543 2166 687 2253 largitum
700 2164 803 2240 luisse,
814 2174 859 2241 ut,
869 2164 1049 2230 seditionem
1065 2166 1251 2252 agitantibus

273 2281 444 2357 nobilibus,
455 2302 580 2367 operam
591 2301 693 2358 suam,
708 2278 899 2364 quicunqne
914 2279 1012 2343 vuum
1028 2291 1105 2344 esset
1122 2281 1250 2362 ratione,

274 2393 478 2479 adjungerent
495 2391 595 2479 iisque
618 2402 720 2476 portas
740 2391 864 2456 urbium
882 2390 1099 2469 recludendae,
1123 2413 1159 2455 eo
1172 2415 1251 2458 con·

274 2506 361 2582 silio,
376 2516 520 2571 curarent
539 2504 561 2570 ³.
595 2505 652 2568 Cui
675 2503 756 2568 haud
775 2503 954 2568 dissimilem
979 2527 996 2568 a
1026 2504 1087 2568 fide
1109 2515 1140 2568 et
1161 2506 1251 2569 obse-

274 2619 348 2706 quio
374 2618 585 2683 liberationem
616 2617 757 2703 equitum
782 2638 907 2682 suorum
932 2617 1032 2681 ordini
1067 2640 1251 2684 auoouruus

275 2742 306 2796 et
329 2752 521 2807 anonvmus,
542 2730 685 2795 &variae
708 2730 825 2806 Duces,
844 2751 925 2794 anno
948 2734 1053 2807 1302,
1071 2731 1252 2816 impertiisse

274 2845 447 2921 traduntur,
462 2843 573 2929 iisqne,
590 2853 681 2927 pacto
692 2853 787 2906 semet
800 2843 1071 2929 obstringentihus‚
1084 2845 1251 2930 quominus

274 2979 422 3047 umquam
434 2979 532 3022 norae
547 2956 686 3042 petitioni
704 2966 801 3020 essent
811 2955 1037 3040 adstipulaturi,
1048 2957 1173 3041 publice
1186 2980 1251 3023 rem

274 3070 518 3157 comprobarisse
527 3118 536 3149 ,
546 3080 579 3134 at
594 3070 696 3156 paullo
707 3080 788 3155 post,
799 3070 911 3133 iterum
925 3080 1055 3156 urgente
1068 3069 1250 3148 calamitate,

275 3207 353 3250 eose
370 3185 480 3249 vidisse
496 3183 628 3261 redacti,
643 3194 694 3259 ut,
716 3181 855 3269 neglecti
867 3183 1081 3267 promissione,
1102 3206 1119 3248 a
1135 3182 1253 3268 junctis

274 3298 448 3375 ordinibus,
480 3296 615 3375 clericis,
643 3296 815 3373 nobilibus,
843 3296 986 3372 urbanis,
1011 3319 1120 3362 novam
1147 3296 1254 3362 auxilii

197 3381 200 3389 ¹
275 3412 509 3498 praestationem
525 3411 734 3496 requirerent,
752 3410 784 3474 in
803 3408 884 3474 illius
894 3421 998 3475 autern
1008 3411 1164 3497 impetrati
1182 3433 1252 3498 gra·

311 3733 473 3793 ¹Ercusoarr,
503 3732 520 3780 l.
538 3732 556 3779 1.
574 3728 649 3786 ibin,
678 3735 817 3791 anaema,
843 3728 860 3775 l.
878 3726 897 3775 l.
922 3728 963 3776 cn.
979 3744 1008 3775 es
1026 3727 1124 3776 historit
1149 3727 1254 3789 patrina,

276 3825 392 3888 exempla,
409 3823 503 3871 Comitis
516 3836 649 3884 notum,
666 3822 723 3869 suni
741 3819 822 3882 1334,
840 3831 952 3882 tutan,
971 3821 1028 3867 suni
1046 3816 1126 3882 1369,
1141 3819 1254 3867 oitstasb

276 3931 440 3978 summano,
458 3917 519 3964 Dias.
537 3918 556 3966 t.
572 3935 595 3979 p.
614 3912 672 3964 102.

310 4011 324 4048 2
341 4013 458 4059 ltrosroas
472 4019 496 4056 et
512 4015 646 4067 mannans,
663 4006 691 4053 ll.
710 4006 737 4052 ll.

310 4101 490 4163 ³llr'rssms,
509 4101 526 4147 l.
544 4101 562 4146 t.
581 4118 602 4162 p.
622 4096 682 4161 655,
700 4114 735 4160 sq.
