2738 4740
555 461 596 524 79

88 655 167 711 esse,
194 646 243 719 ut,
264 635 391 720 rejecta,
413 657 493 723 quae
519 637 622 704 adbuc
642 639 674 702 in
696 637 859 704 boruasicia
880 638 1055 727 regionibus

87 747 247 834 viguisset,
278 750 386 836 populi
416 761 517 837 partes
550 749 685 815 obeundi
709 751 781 816 satis
805 774 945 838 perversa
966 755 1054 841 lege,

88 860 199 946 siogob
219 862 325 927 tributi
340 862 487 948 quiddam
507 864 675 949 pendentes
692 864 782 942 eires,
794 885 990 952 quocumque
1003 877 1056 932 aut

87 971 261 1039 divitiarum
284 985 385 1040 essent
403 975 496 1040 modo
515 987 568 1041 aut
589 997 704 1054 rerum,
723 977 836 1063 quibus
857 998 979 1062 operam
997 981 1057 1043 uti-

87 1085 157 1152 liter
170 1098 334 1163 navarent,
345 1087 538 1164 conditione,
558 1110 626 1152 suos
642 1088 776 1176 eligendi
793 1087 996 1153 mandatarius
1018 1091 1055 1154 li·

86 1197 236 1265 bertatem
247 1198 498 1284 adipiscerentur.
522 1198 752 1265 Observandum
765 1211 867 1266 umen
879 1210 934 1275 est,
949 1222 1054 1286 supre-

87 1331 156 1374 mae
175 1311 254 1396 regis
271 1314 421 1394 potestati,
437 1313 570 1376 noluisse
589 1333 748 1408 sampirum,
765 1322 801 1376 ut
818 1312 990 1399 quidquam
1004 1314 1055 1378 tali

86 1420 473 1487 institutodetraberetur1.
499 1425 666 1510 Postquam
681 1445 763 1501 sero,
776 1423 948 1490 dieutunii
961 1429 1055 1502 1811,

87 1531 288 1599 cancellarius
304 1534 402 1600 iactus
419 1556 679 1603 manasaaaorus
702 1536 785 1602 idem
807 1560 839 1603 se
862 1549 957 1624 atque
975 1560 1056 1603 snar-

87 1665 169 1713 ιιιιιι
187 1645 219 1710 ia
240 1646 372 1735 gerenda
389 1651 552 1735 republica
564 1650 652 1737 sequi
662 1650 852 1736 propositum
865 1651 1054 1729 ostendisset,

87 1756 186 1824 edicto
204 1758 263 1836 illi,
277 1759 359 1845 quod
379 1760 418 1824 ad
440 1781 546 1826 omnes
562 1783 745 1846 possessores
763 1784 866 1827 reram
886 1763 943 1827 soli
961 1764 1054 1829 asoti-

86 1871 137 1958 gal
161 1870 344 1960 porrigebat,
366 1870 443 1937 baec
461 1874 554 1939 etiam
577 1874 657 1961 regis
683 1876 810 1940 nomine
835 1874 986 1960 adscripta
1008 1886 1054 1939 est

84 1983 261 2049 declaratio:
289 1986 392 2051 evolvi
418 1984 501 2071 apud
532 1986 623 2052 illum
647 1988 821 2065 eonsilium,
846 1985 990 2052 idoneam
1005 2010 1053 2053 re·

83 2096 373 2183 praesentationem,
393 2108 455 2163 tam
473 2099 603 2186 singulis
622 2099 654 2164 in
682 2099 843 2185 provinciis
865 2121 960 2185 qoam
984 2101 1053 2163 uni·

84 2231 186 2275 versae
202 2230 330 2296 corpore
343 2210 482 2288 civitatis,
493 2214 608 2298 populo
623 2210 807 2300 indulgendi
814 2211 861 2278 ².''
882 2210 938 2277 Cui
953 2211 1053 2289 effato,

83 2322 169 2388 baeri
187 2334 255 2409 post
278 2322 356 2412 ((1.7
373 2324 456 2408 Sept.
475 2325 571 2409 1811)
597 2323 703 2389 iisdem
727 2345 825 2410 paene
846 2324 945 2391 verbis
965 2345 1052 2411 repe-

84 2436 140 2500 tito
154 2434 178 2514 ³,
205 2436 346 2501 nonnihil
366 2458 492 2524 quoque
510 2436 652 2523 ponderis
679 2437 806 2502 accessit
831 2461 867 2503 ex
885 2460 931 2515 eo,
950 2439 1051 2526 quod,
1149 2490 1152 2495 .
1252 2482 1255 2487 -

83 2569 164 2613 anno
177 2551 257 2614 1811
267 2549 407 2627 ineunte,
422 2549 628 2642 exquirendo,
648 2571 712 2637 quo
726 2550 808 2636 lapsa
818 2573 865 2616 res
878 2553 1052 2636 pecuniaria

82 2662 179 2725 sanari
191 2671 301 2746 posset,
319 2662 466 2746 remedio,
485 2674 635 2750 spectatos
653 2664 748 2743 siros,
766 2665 913 2751 principis
927 2665 1052 2753 quidem

82 2849 240 2914 aaiaobeben,
264 2853 310 2901 den
327 2852 415 2916 Ruspi
427 2852 470 2900 der
491 2852 577 2902 Stinds
596 2863 665 2901 nntsr
685 2851 750 2914 siah,
773 2853 814 2900 der
832 2868 878 2900 uns
897 2852 1059 2917 uagldckliolr,

82 2943 183 3004 nsebts,
191 2960 221 2993 ιιι
231 2945 376 3008 ιοιιιίὡιειι,
389 2945 516 3010 geaetalicb
530 2945 568 2993 die
577 2944 729 3008 ido'gliebkeit
738 2943 908 3005 soiauatellerr,
922 2943 975 2992 dass
984 2945 998 2994 J
1000 2944 1054 2993 eder

81 3036 114 3085 in
122 3023 202 3084 volui
210 3038 364 3087 retrorsum
380 3038 424 3087 bei
439 3039 463 3087 in
474 3037 625 3087 moraliaobar
637 3036 756 3100 Riebtuug
770 3037 916 3085 entwiokela
929 3037 1054 3086 honae.-

82 3129 130 3179 Bas
153 3128 250 3177 ricboto
269 3131 516 3195 Beiorderunganittel
535 3130 626 3180 aebeiat
645 3131 689 3178 nair
703 3130 757 3178 aine
775 3129 915 3193 allgemeirrs
933 3130 1055 3179 Natioaal·

80 3222 302 3285 Repuaennaonx·

117 3313 125 3346 ¹
144 3314 237 3376 aflailig
253 3313 332 3361 bleibs
350 3330 394 3363 una
417 3313 458 3362 das
476 3313 551 3363 disobt
568 3329 664 3362 uasere·
682 3313 782 3375 semp.
805 3312 868 3361 lber
883 3313 957 3361 damis
978 3311 1053 3361 dieses

79 3404 157 3455 lisslrt
178 3405 229 3455 aad
249 3407 313 3455 disse
328 3405 527 3456 unomaobriakte
545 3406 637 3455 Gerralt
654 3406 698 3454 das
713 3408 775 3455 (bots
798 3406 887 3454 arirken
910 3406 986 3468 kann,
1003 3421 1053 3453 was

79 3500 106 3549 ia
120 3499 159 3549 iba
173 3500 240 3565 liegs,
258 3501 340 3551 asbisn
354 3517 379 3549 es
397 3501 440 3549 sair
455 3500 608 3564 notbsrendig
625 3500 667 3550 der
681 3500 795 3548 bbebaten
811 3499 905 3548 Gewalt
922 3499 961 3547 eia
972 3497 1050 3548 lim}

78 3608 109 3641 aar
126 3592 217 3657 geben,
241 3592 355 3643 srodorcb
377 3593 411 3642 ais
436 3593 474 3641 dis
491 3592 610 3642 varanna
635 3593 676 3641 des
694 3593 767 3642 volta
789 3593 885 3641 konnen
902 3592 986 3640 lernau
1005 3591 1054 3639 aad

76 3686 147 3738 itm
163 3689 351 3752 Bestinmnngarr
365 3689 444 3737 leben
458 3687 532 3750 geben
549 3689 643 3736 ksaa.”

114 3779 125 3813 ¹
143 3783 208 3831 »wir
221 3782 333 3831 bebaltan
351 3783 398 3831 Una
411 3798 455 3831 ror
471 3781 513 3830 der
530 3780 616 3829 Notion
631 3780 686 3828 eine
703 3779 868 3841 awmknffiaaig
885 3777 1054 3840 eingsaiolrtete

78 3874 284 3941 lieps'a'santasioa,
295 3874 386 3924 sowobl
395 3875 420 3923 iu
435 3873 480 3923 dea
494 3873 633 3932 Prosiuaea,
649 3873 685 3921 ala
700 3872 736 3921 iar
755 3872 798 3920 das
811 3872 889 3919 (baasa
907 3887 937 3919 ιιι
950 3871 1053 3934 gabea!

80 3967 173 4017 Pressa.
196 3968 371 4018 Geaetsaamml.
389 3965 465 4028 1810,
483 3986 507 4034 p.
523 3965 573 4022 313
596 3972 684 4027 sosas,
705 3965 763 4014 ibid.
777 3982 801 4027 p.
820 3962 863 4014 92.
886 3963 964 4013 baxio.
983 3965 1053 4022 Polis,

80 4060 140 4109 ibid.
157 4079 181 4127 p.
197 4059 239 4108 69.
989 4117 994 4125 ⁵

114 4150 126 4185 ⁸
142 4149 436 4219 (teactaaaarnrl.1811,p.
449 4149 510 4202 262.
525 4157 603 4200 sunau
621 4160 645 4199 at
661 4150 741 4203 Lexio.
758 4151 829 4200 Polis.
847 4149 905 4199 ibid.
