2738 4740
715 420 736 482 9

237 599 306 664 sitas
326 599 446 674 luisset,
467 595 547 662 band
570 597 707 683 proiecto
727 599 865 684 exempla
886 599 995 666 desum
1014 603 1208 690 singulorum

238 713 398 790 ordinum,
416 711 609 797 singulatim,
621 732 658 776 eo
669 711 806 788 consilio,
823 710 1207 795 advocatorummecnon,

235 825 362 914 singulis
386 846 459 889 curn
479 823 606 888 urbibus
627 824 805 910 singulatim
830 825 984 890 institutae
1009 831 1206 896 consultatio·

236 939 299 1013 nis,
320 936 403 1002 unde
423 938 554 1012 factum,
584 946 619 999 ut
640 935 725 1000 nulla
745 946 811 999 tum
835 936 945 1014 etism,
974 960 991 1004 e
1010 943 1205 1025 petitionibus

207 1047 210 1054 ’
235 1050 421 1137 principum,
446 1049 589 1114 ordinum
601 1049 727 1113 societas
747 1049 896 1115 existeret.
919 1053 958 1115 Ar
970 1051 1062 1139 longe
1080 1056 1206 1141 quidem

233 1165 353 1250 saepius
363 1161 525 1247 contigisse
538 1159 668 1235 ridetur,
681 1171 731 1239 ut,
742 1172 794 1224 aut
809 1182 919 1224 noram
936 1141 1041 1228 omnes
1054 1187 1207 1254 peraeque

234 1275 363 1361 gratiam
374 1283 550 1359 rogaturus,
565 1270 776 1336 convocandos
791 1272 855 1355 jarn
868 1274 967 1337 statim
982 1274 1103 1342 ordines
1123 1278 1207 1363 prin·

234 1409 307 1472 cepa
334 1384 503 1460 curaverit,
525 1395 578 1447 sut
608 1395 706 1461 certe,
731 1406 825 1471 quam
853 1386 1030 1472 singulatim
1055 1387 1087 1452 bi
1107 1390 1208 1478 adepti

234 1509 334 1563 essent
360 1495 571 1583 sponsionem,
593 1496 652 1560 talc
673 1495 844 1561 remedium
866 1499 1067 1566 minimelore
1095 1515 1130 1567 ut
1149 1505 1206 1569 ite·

235 1634 304 1675 rum
322 1635 339 1676 a
355 1609 494 1696 principe
511 1607 716 1686 adhiberetur,
743 1612 901 1675 communi
922 1615 1013 1697 operia
1040 1615 1208 1683 detenden-

232 1725 303 1790 dam
332 1724 389 1788 sibi
417 1722 636 1798 existimantes,
662 1722 817 1793 ineundae
843 1725 1074 1793 consociationis
1099 1743 1207 1816 sponte

230 1836 339 1902 exinde
363 1836 444 1900 nacti
467 1834 526 1898 sint
547 1835 804 1920 opportunitatem
820 1837 842 1900 ¹.
881 1837 956 1902 Utut
973 1850 1031 1917 est,
1055 1863 1090 1905 ex
1111 1865 1205 1928 pecu·

229 1952 331 2016 niariis
350 1948 435 2015 hisce
462 1947 707 2014 concessionibus
728 1947 870 2013 ordinum
892 1950 1052 2037 insigniter
1077 1959 1205 2022 crevisse

230 2074 419 2128 momentum
438 2072 531 2149 atque
550 2061 780 2137 auctoritatem,
800 2061 838 2126 sd
862 2084 938 2129 nora
956 2087 993 2130 ac
1005 2069 1204 2150 praeclariora

228 2176 326 2264 magis
345 2175 505 2261 magisque
516 2173 734 2250 nanciscenda,
747 2175 826 2239 riam
846 2175 903 2239 sibi
924 2178 1049 2265 egregie
1064 2191 1205 2247 sternen-

192 2294 198 2309 “
229 2291 327 2366 tium,
352 2289 453 2353 notior
469 2289 606 2372 prolecto
625 2310 672 2352 res
693 2298 736 2352 est
762 2310 855 2375 quam
877 2300 912 2354 ut
935 2291 1038 2355 multis
1057 2292 1204 2379 disputari

227 2423 246 2466 a
266 2400 354 2464 nobis
371 2399 491 2464 debeat.
514 2400 648 2484 Apparet
662 2399 760 2476 enim,
777 2411 806 2464 et
825 2400 994 2486 principes,
1016 2405 1108 2469 simili
1128 2428 1202 2471 ere-

228 2514 284 2580 bro
306 2512 449 2578 ordinum
473 2511 585 2576 auxilio
606 2512 793 2599 indigentes,
812 2513 849 2578 ad
874 2513 1023 2591 eundem,
1045 2528 1203 2604 umquam

230 2629 373 2704 unicum,
393 2625 496 2691 salutis
514 2637 636 2711 portum
659 2628 829 2712 saepissime
849 2630 1039 2716 confugisse,
1067 2641 1097 2694 et
1123 2633 1203 2718 ipsos

229 2739 349 2805 ordines
381 2738 440 2805 boc
473 2739 625 2824 imprimis
663 2740 784 2825 assequi
809 2745 947 2829 gnaviter
973 2744 1142 2823 studuisse,
1168 2758 1203 2811 ut

228 2875 345 2918 morem
363 2852 539 2938 petentibus
564 2851 716 2939 gerendo,
749 2875 821 2918 eum
849 2855 960 2942 insigni
995 2861 1048 2920 sua
1071 2860 1203 2924 utilitate

229 2966 391 3030 benevolos
417 2975 513 3029 semet
535 2987 606 3051 erga
637 2965 789 3053 principes
814 2964 1010 3041 exhiberent,
1041 2972 1201 3036 commoda

230 3078 449 3166 privilegiaqne
469 3078 526 3142 sibi
554 3079 740 3165 paciscentes
762 3079 928 3163 ejusmodi,
951 3083 1064 3167 quibus
1086 3083 1201 3147 condi·

228 3191 344 3256 tionem
354 3213 441 3257 snam
452 3191 581 3258 mirifice
596 3203 696 3257 essent
707 3191 896 3257 emendaturi
915 3192 938 3258 ².
960 3193 1054 3279 Cujus
1074 3196 1201 3281 quidem

229 3305 272 3371 rei
301 3306 445 3392 exemplis
474 3326 545 3371 cunr
570 3307 677 3371 referta
704 3305 742 3368 sit
766 3303 918 3369 variarum
945 3307 1200 3377 Germanicarum

228 3420 388 3507 regionum
426 3419 566 3494 historia,
605 3430 708 3505 patet,
744 3418 822 3482 illud
858 3419 983 3505 quidem
1017 3423 1199 3510 frequentis·

226 3535 302 3599 sime
325 3533 446 3599 ordines
467 3555 484 3596 a
512 3532 702 3618 principibus
727 3532 950 3617 impetravisse,
971 3547 1006 3599 ut
1025 3537 1200 3603 solemniter

226 3646 258 3711 bi
284 3647 511 3734 profiterentur,
545 3669 581 3710 ex
615 3648 678 3711 sold
708 3647 845 3733 ipsorum
871 3649 968 3734 gratid
999 3671 1036 3716 ae
1067 3652 1199 3719 muero-

225 3761 335 3838 lentid,
364 3761 450 3826 nullo
476 3782 531 3823 suo
563 3759 645 3844 jure,
680 3771 798 3846 rogatas
828 3760 885 3824 sibi
911 3760 1087 3848 largitiones
1121 3768 1198 3830 obti-

227 3926 362 3936 maa—⁶...-
373 3930 378 3934 .
386 3928 433 3935 .--
441 3928 449 3934 .-

262 4008 270 4046 ¹
290 4011 423 4069 Ermaia,
445 4009 462 4056 l.
481 4009 499 4056 t.
519 4007 577 4056 ibid.
597 4008 651 4057 ltot.
668 4009 741 4070 ‹l-g.

261 4103 491 4165 2s1mora,t.t.
510 4101 566 4150 ibid.
586 4110 609 4149 et
627 4101 640 4169 d
659 4099 724 4156 ⁴273
755 4107 899 4166 susanna,
918 4106 935 4153 l.
956 4108 973 4154 Ι.
993 4125 1014 4168 p.
1033 4106 1093 4169 653,
1111 4126 1162 4171 sqq.
