2738 4740
648 400 713 464 263

195 584 325 668 possint,
340 594 407 649 tum
419 604 671 670 quoqueeornm‚
683 583 795 670 quibus
809 585 993 671 legationem
1008 585 1163 672 suscipere

196 697 295 773 liceat,
315 696 465 762 conficere
481 706 625 761 tenentur
640 695 663 762 ¹.

167 841 169 849 v
238 808 410 874 Nominatio
429 809 598 874 electorum
621 806 683 871 ritu
702 806 810 872 eodem
830 807 999 894 peragitur,
1020 830 1094 895 quo,
1117 831 1163 873 se·

194 919 332 985 cundum
352 919 574 985 ordinationem
597 919 747 984 urbanam
762 917 1046 1007 (suessordnungl
1066 921 1164 985 selec-

195 1042 297 1097 torum
319 1033 402 1098 ciros
425 1053 472 1095 res
499 1031 630 1096 urbanas
651 1029 951 1118 (Stadrerordneten)
972 1032 1166 1109 constitutio,

195 1155 248 1209 aut
272 1143 309 1207 iis
328 1144 362 1207 in
388 1143 526 1219 urbibus,
551 1143 605 1207 ubi
624 1142 657 1207 hi
676 1144 715 1208 ab
743 1144 927 1211 electoribus
948 1142 1164 1231 designantur,

196 1278 259 1343 quo
282 1256 393 1321 horum
410 1256 546 1342 ipsorum
570 1256 740 1345 designatio
763 1257 786 1325 ².

238 1367 329 1450 Quod
347 1368 386 1433 rd
403 1391 566 1435 numerum
581 1372 689 1435 attinet
706 1371 874 1437 electorum
888 1370 1028 1449 Dresdre,
1039 1369 1170 1457 Lipsiae,

195 1478 400 1547 Chemnitaise
433 1482 680 1570 seligendornm,
716 1504 772 1568 par
799 1505 862 1548 esse
879 1484 1009 1568 jubetur
1036 1505 1166 1550 numero

196 1592 431 1659 constitutorum
446 1595 526 1660 circa
549 1617 596 1660 res
614 1597 744 1661 urbanas
762 1597 988 1677 electorom3in
999 1596 1165 1662 urbibusirr

196 1705 367 1773 districtum
389 1708 569 1774 electorium
595 1709 771 1774 consociatis
790 1708 920 1797 singulis
946 1729 1002 1793 par
1026 1721 1071 1774 est
1088 1710 1166 1796 parti

197 1819 355 1886 vicesimae
364 1822 492 1907 quintae
506 1821 644 1886 omnium
659 1821 839 1898 incolarum,
858 1820 913 1908 qni
930 1822 964 1885 in
976 1820 1013 1885 iis
1017 1821 1090 1904 jure
1101 1821 1165 1886 sui-

196 1932 285 2019 lragii
303 1943 374 1998 sunt
385 1932 558 2018 instruent
578 1936 618 2000 Ut
630 1934 723 2020 possit
741 1934 811 2021 quis
825 1933 980 2000 electionis
996 1933 1035 1999 rd
1053 1954 1166 2000 munus

197 2047 336 2111 electoris
354 2047 514 2133 capacium
540 2045 651 2112 tabulis
675 2045 815 2122 inscribi,
845 2056 966 2130 praeter
986 2045 1168 2112 universalia
1225 2062 1229 2072 ’

199 2159 353 2245 requisita,
365 2160 552 2244 postulatur:

229 2265 274 2354 a)
298 2269 488 2334 domicilium
510 2269 544 2333 in
569 2269 697 2355 propriis
727 2267 853 2333 aedibus
877 2270 956 2335 intra
983 2271 1092 2336 urbem
1114 2284 1167 2337 aut

299 2380 454 2446 urbanum
472 2381 654 2447 districtum.

241 2490 269 2576 d)
292 2493 404 2559 Annus
413 2495 524 2560 solutio
538 2495 711 2562 fundalium
728 2495 924 2583 vectigalium
937 2495 1087 2585 (Sebocls-
1101 2497 1165 2564 und

294 2606 607 2694 Grundquatembern
627 2608 701 2674 oder
714 2608 840 2687 andern,
857 2608 937 2674 nach
953 2609 1165 2676 verschieden-

292 2717 358 2785 heir
376 2718 431 2785 der
450 2721 608 2786 einzelnen
629 2720 857 2798 Landestbeile,
878 2719 1023 2786 r‘iblichen
1040 2719 1165 2787 Grund-

293 2830 430 2917 steuern)
440 2832 548 2900 decem
558 2834 596 2899 ad
608 2834 772 2898 minimum
782 2832 904 2898 thaleris
914 2833 1167 2902 assumserunt.

243 2944 437 3032 Legationem
468 2946 617 3011 urbanam
643 2947 666 3009 ii
693 2956 813 3011 tantum
840 2944 993 3030 suscipere
1025 2957 1166 3031 possunt,

199 3057 254 3142 qui
274 3057 349 3121 sire:

247 3175 278 3255 1)
301 3169 397 3234 tribus
406 3168 519 3237 abbinc
528 3171 615 3236 annis
625 3170 713 3236 aedes
723 3171 959 3256 possidentes‚in
975 3171 1052 3236 urbe
1063 3172 1167 3256 ejusve

296 3282 473 3349 districtnre
494 3283 633 3349 habitent
656 3295 751 3371 atque
776 3282 816 3350 ad
839 3283 1005 3349 minimum
1028 3304 1168 3348 annuum

296 3397 446 3462 tributum
465 3397 619 3484 praediale
638 3399 755 3464 solvant
777 3396 882 3463 thales.
903 3396 1027 3477 decem;
1050 3397 1112 3461 sire

245 3509 278 3595 2)
300 3533 350 3577 sex
359 3512 454 3578 millia
466 3511 888 3598 thaleroruminparrimonio
897 3511 1044 3591 habeant;
1069 3511 1131 3574 sive

245 3621 278 3710 3)
301 3635 420 3689 certum
450 3624 582 3689 reditum
615 3647 754 3690 annuum
787 3622 959 3710 percipiant
980 3621 1168 3689 tbalemrum

298 3736 610 3825 quadringentorum
635 3738 699 3801 sire

249 3855 279 3934 4)
302 3853 334 3916 in
345 3853 464 3940 magnis
474 3851 600 3938 quidem
611 3851 737 3916 urbibus
751 3849 899 3915 tributum
918 3851 1000 3917 reale
1016 3872 1053 3916 ac
1066 3870 1169 3935 perso·

185 3971 216 3980 '⁶
239 4012 245 4043 ¹
264 4011 324 4060 rste.
342 4013 356 4079 o
372 4012 415 4061 so.
740 4010 750 4041 ¹
768 4010 829 4059 issu.
845 4011 860 4077 o
877 4008 919 4060 52.

238 4103 248 4136 ³
266 4104 326 4152 isso.
343 4105 358 4172 o
376 4103 418 4154 ss.
740 4103 827 4153 sisso.
844 4104 858 4170 p
876 4102 918 4152 ss.
