2738 4740
651 459 715 522 205

197 653 237 719 ab
255 654 347 739 ipsius
371 654 577 719 nominatione
601 653 706 739 populi
732 661 861 716 remotos
885 662 1000 730 teneat,
1021 654 1163 720 constitui

199 766 334 832 creandis
349 767 529 834 electoribus
544 765 747 830 mandatarius
761 785 882 830 necesse
896 777 940 829 est
951 765 974 834 ¹.

240 879 414 957 Caeterum,
443 899 541 964 quum
570 878 601 941 in
635 874 784 942 Rhenauo
811 876 946 955 circulo,
981 877 1007 941 si
1037 879 1164 944 modum

198 1011 351 1078 usumque
376 1001 491 1076 spectes
525 990 720 1075 publicorum
754 991 983 1071 institutorum,
1018 990 1165 1056 similibus

196 1102 283 1167 valde
304 1101 423 1188 placitis
443 1101 560 1168 urbana
578 1112 672 1188 atque
690 1122 808 1187 pagana
834 1100 1002 1165 etiamnum
1022 1113 1166 1189 regantur

196 1213 382 1299 municipia,
405 1235 440 1277 ea
463 1212 515 1277 hlc
535 1224 671 1298 repetere
698 1213 860 1289 uolumus,
882 1233 964 1298 quae
982 1211 1022 1278 de
1041 1213 1167 1279 urbium

199 1325 326 1409 hujusce
342 1325 451 1390 circuli
472 1323 600 1390 comitiis
617 1327 650 1389 in
671 1324 879 1410 superioribus
902 1323 1034 1413 brevitor
1050 1347 1166 1391 momo-

199 1445 264 1501 rata
285 1435 401 1500 luerint
420 1436 443 1501 ².

242 1662 457 1726 Absolutarum
483 1660 623 1725 omnium
652 1662 837 1728 electionum
862 1663 984 1728 tabulae
1007 1686 1024 1730 a
1045 1664 1167 1751 proriu-

199 1775 317 1838 ciarum
327 1772 512 1858 praesidibus
522 1771 685 1860 diligenter
695 1773 882 1839 examinatae
891 1776 1167 1862 comprobataequo

198 1885 310 1950 deinde
333 1906 405 1950 cum
428 1880 577 1950 omnibus¹
597 1886 817 1971 appendicibus
837 1886 876 1953 ad
900 1888 1019 1975 regium
1040 1889 1167 1956 internis

198 1997 287 2062 rebus
306 1998 497 2082 praelectum
523 1998 736 2064 administrum
753 1999 953 2084 perferendae
974 2012 1045 2066 sunt
1060 2001 1084 2065 ³.
1127 2004 1168 2067 Ar
1213 2035 1214 2038 ¹

197 2121 353 2196 postquam
385 2111 557 2198 legatorum
587 2111 695 2176 concio
728 2111 877 2175 celebrari
906 2124 1013 2196 coeptu
1042 2123 1102 2190 est,
1130 2115 1167 2178 iis

196 2210 316 2288 easdem
344 2223 454 2306 subjici
483 2232 618 2305 oportet,
642 2221 756 2307 quibus
778 2221 991 2306 praeparandi,
1017 2244 1098 2309 quac
1129 2224 1168 2289 ad

197 2357 353 2401 consessus
378 2334 628 2398 instaurationem
658 2333 825 2399 necessario
854 2335 1025 2419 pertinent,
1051 2359 1068 2401 a
1095 2357 1168 2424 roge

196 2445 414 2511 demandatum
430 2447 467 2510 sit
484 2445 619 2511 officium
638 2444 1100 2536 (Eioneirungs-Commission).
1128 2449 1166 2514 Hi

198 2559 291 2636 euim,
306 2580 356 2635 an,
372 2558 429 2645 qui
447 2580 479 2623 se
497 2558 612 2643 legatos
623 2557 844 2642 profiteamur.
858 2581 930 2627 rere
943 2582 980 2626 ac
995 2561 1166 2629 secundum

197 2672 280 2757 leges
298 2670 387 2736 electi
412 2671 543 2748 luerint,
567 2690 617 2734 sex
638 2671 732 2755 ipsius
755 2671 877 2737 concilii
900 2673 989 2739 sociis
1010 2673 1167 2739 sortitione

196 2784 253 2848 sibi
271 2782 440 2868 adjunctis,
463 2783 597 2866 primum
621 2782 758 2848 omnium
782 2783 939 2867 explorare
955 2796 1097 2850 tenentur
1113 2786 1138 2852 ⁴.

240 2895 404 2980 Descriptis
414 2895 547 2982 eligendi
570 2894 676 2960 ritibus
694 2896 840 2980 placitum
858 2916 972 2979 omues,
985 2918 1065 2983 qnae
1082 2897 1167 2962 istius

198 3005 289 3071 officii
310 3005 407 3091 gratirl
432 3006 550 3070 institui
571 3007 688 3085 solent,
717 3006 880 3072 conciones
906 3030 1059 3094 peraeque
1079 3030 1166 3094 spec·

199 3129 265 3181 tans
289 3114 389 3182 edicto
411 3117 557 3205 subjungi
583 3118 766 3204 reperimus,
792 3140 852 3183 una
882 3117 1022 3184 videlicet
1044 3120 1168 3185 electio·

199 3250 275 3293 num
307 3228 496 3293 solemnitate
526 3251 649 3295 omnem
681 3229 829 3295 tractandi
861 3231 893 3295 in
920 3231 979 3294 illis
1008 3232 1166 3296 materiem

193 3363 277 3370 -m-
293 3360 432 3369 ---.-.--

235 3429 241 3461 ¹
261 3429 334 3478 Edict.
357 3430 386 3477 de
407 3445 475 3478 conr.
498 3390 554 3477 ordi
572 3430 590 3478 l.
609 3447 630 3479 c.
655 3431 668 3497 p
685 3428 729 3494 28,
749 3431 806 3481 coll.
826 3431 896 3480 edict.
914 3431 942 3479 de
965 3448 1029 3480 mun.
1050 3438 1126 3479 conat.
1144 3439 1168 3479 et

198 3523 261 3574 adn.
272 3524 298 3571 Τ.
320 3522 358 3583 Π,
376 3522 390 3588 §
406 3520 448 3584 45,
463 3522 477 3588 §
492 3523 533 3583 l'l,
549 3525 585 3571 πθ.
603 3521 629 3585 3,
646 3523 681 3590 §p
697 3522 729 3572 'll
748 3533 772 3573 et
787 3523 829 3573 75.
847 3524 993 3574 Selectoruu
1007 3524 1070 3572 euim
1081 3523 1168 3571 ciriun

199 3615 379 3680 appellationem
393 3614 683 3682 (tenente-aurnuns.)
698 3616 759 3665 aiem
772 3618 798 3665 iu
812 3617 933 3667 ruralibus
949 3617 1093 3679 municipiis,
1109 3616 1170 3663 'uui-

199 3709 272 3758 reraii
292 3707 461 3770 praefectorum
478 3708 574 3771 collegii
596 3709 665 3757 sociis
686 3710 830 3773 convenire,
850 3711 884 3758 ita
905 3709 931 3758 iu
949 3709 1040 3774 oppitlia
1059 3708 1089 3756 ad
1105 3708 1169 3757 aoloa

199 3802 332 3850 restrictum
347 3801 420 3849 luisse
435 3811 607 3863 procuratores,
628 3818 697 3864 snpra
710 3803 868 3866 exposuimus.

232 3893 242 3924 ²
261 3894 286 3941 t.
302 3894 486 3954 Stratslexikou,
500 3894 518 3942 l.
538 3893 556 3942 l.
570 3911 593 3956 p.
610 3891 674 3951 106;
695 3908 848 3960 amaturus,
863 3897 882 3944 l.
893 3895 912 3943 1.
924 3912 947 3957 p.
968 3893 1013 3951 ll;
1030 3906 1055 3942 a.
1065 3905 1086 3940 r.
1094 3903 1168 3957 tosa,

199 3987 239 4034 iu:
252 3987 316 4035 Neue
329 3986 477 4036 taurinates
491 3987 533 4034 ἀει
543 3985 682 4035 tereticam
691 3988 740 4035 nud
751 3989 847 4051 estitit,
858 3985 933 4048 1843,
948 3988 989 4035 ΝΟ.
997 3986 1020 4051 1,
1031 4005 1054 4051 p.
1065 3982 1108 4049 46,
1116 4003 1168 4049 sqq.

234 4076 245 4109 ³
263 4078 336 4128 ntia.
349 4080 381 4129 (le
398 4097 467 4130 cour.
487 4079 538 4128 ord.
558 4079 576 4127 l.
595 4095 616 4129 e.
632 4078 646 4146 β
661 4079 703 4131 40.

234 4170 244 4202 ³
261 4171 322 4220 llrirl.
339 4173 357 4223 l.
375 4190 395 4221 a.
414 4172 498 4242 lew,
510 4170 604 4234 61‚62.
