2738 4740
733 431 773 494 18

268 615 325 678 bus
348 625 505 701 tamquam
525 614 686 679 cumulum
704 611 851 698 adjecisse
869 612 970 677 cautio
993 612 1046 676 illa
1060 611 1248 679 nobilissime

267 726 397 793 dicenda
420 738 483 805 est,
515 749 577 815 que
597 728 637 792 ab
664 726 748 791 omni
773 726 804 788 ri
830 736 926 813 atque
957 724 1070 810 injuria
1106 728 1249 793 servandi

267 839 320 904 illa
337 849 433 926 atque
456 839 639 905 defendendi
662 839 809 903 eximium
830 839 866 902 iis
895 838 1134 903 instrumentum
1159 861 1249 925 prae-

266 953 408 1017 beretur:
426 964 461 1016 ut
476 953 593 1019 seilicet
605 954 654 1016 rel
670 951 745 1018 eitra
763 951 909 1038 principis
924 950 1154 1017 advocationem
1172 975 1248 1019 con-

267 1065 353 1152 gredi
369 1067 444 1151 ipsis
464 1065 570 1131 liceret
590 1065 744 1152 armisque
763 1064 810 1128 illi
827 1065 983 1141 resistere,
1004 1065 1133 1132 simulac
1151 1067 1247 1131 liber·

267 1188 359 1245 tatem
371 1177 594 1264 privilegioque
605 1179 731 1242 illorum
745 1176 856 1241 violare
863 1174 944 1240 baud
956 1177 1209 1242 reformidarisset
1220 1178 1246 1242 ¹.

309 1291 426 1357 Verum
457 1288 534 1355 haee
568 1290 688 1367 omnia,
720 1299 792 1354 utut
818 1290 867 1352 rel
893 1289 936 1353 sie
960 1289 1117 1374 praeclara
1149 1288 1246 1354 rideri

266 1401 391 1488 possint,
402 1404 535 1467 multum
553 1412 656 1466 tamen
676 1402 761 1466 abest
779 1413 815 1464 ut
836 1402 1012 1466 uniuersum
1024 1401 1145 1486 jurium
1161 1401 1244 1466 ordi·

265 1515 356 1579 nibus
374 1513 544 1579 identidem
565 1536 778 1579 concessorum
800 1514 952 1579 ambitum
978 1513 1246 1601 comprehendisse

265 1625 428 1691 existimari
454 1626 595 1692 debeant.
647 1629 787 1714 Namque
816 1649 908 1713 grane
932 1627 1098 1713 imprimis,
1126 1638 1162 1690 ut
1184 1627 1245 1692 boc

265 1750 399 1816 utamur,
435 1739 634 1804 aesalutare
661 1761 775 1804 munus
799 1740 936 1826 ipsorum
960 1751 1025 1804 tum
1056 1762 1147 1825 saepe
1179 1762 1245 1805 sese

264 1849 435 1915 exhibuisse
461 1862 580 1917 eertum
601 1864 667 1936 est,
701 1852 843 1939 quando,
873 1854 913 1918 ob
933 1876 1076 1941 magnam
1105 1853 1244 1939 aliquam

263 1987 301 2030 ac
334 1986 456 2051 prorsus
489 1966 644 2032 insolitam
681 1968 904 2050 calamitatem,
938 1969 970 2033 in
1001 1967 1063 2054 qul
1094 1967 1243 2054 principis

263 2078 407 2143 deiiceret
434 2078 618 2165 imperium,
650 2081 801 2166 praesenti
831 2092 934 2145 autem
972 2081 1163 2166 indigeretur
1192 2103 1241 2145 re-

264 2191 385 2267 medio,
408 2213 426 2256 a
453 2192 577 2257 nemine
606 2203 728 2279 praeter
753 2192 874 2258 ordines
907 2191 1073 2276 exspectari
1109 2194 1243 2278 periculi

263 2304 470 2390 repulsionem
494 2306 615 2371 liceret:
650 2304 733 2392 quod
766 2304 915 2390 imprimis
945 2306 1082 2390 prolecto
1105 2306 1183 2370 ralet
1201 2305 1242 2371 de

262 2416 300 2480 iis
326 2419 529 2504 temporibus,
548 2419 624 2496 ubi,
651 2429 776 2505 propter
796 2420 946 2484 minorem
970 2418 1100 2506 legitimi
1123 2420 1242 2505 prinei-

262 2531 309 2615 pis
337 2541 484 2609 aetatem,
514 2531 661 2616 pollentes
691 2530 817 2618 quidam
852 2543 883 2596 et
912 2531 1027 2596 viribus
1057 2542 1088 2596 et
1112 2532 1241 2599 audacia

263 2643 344 2708 eires
370 2643 567 2722 exstitissent,
589 2664 668 2730 quos
685 2644 828 2730 ancipitis
852 2666 956 2709 rerum
977 2655 1070 2710 status
1091 2642 1128 2710 in'
1148 2667 1238 2709 suum

263 2755 460 2823 commodum
496 2767 616 2843 praeter
653 2758 736 2844 leges
779 2757 943 2822 adhibendi
990 2758 1136 2823 studiosos
1175 2781 1239 2823 esse

261 2881 421 2956 appareret
439 2869 464 2934 ².
501 2870 664 2935 Efficacem
684 2880 839 2955 praeterea
859 2893 983 2957 operam
1001 2870 1174 2956 saepissime
1197 2870 1238 2936 ab

262 2983 421 3049 ordinibus
435 2984 609 3070 praestitam
630 2983 720 3048 luisse
736 2983 877 3048 norimus
897 2985 929 3048 in
950 2985 1084 3070 querelis
1107 3005 1144 3051 ac
1162 3006 1238 3070 sup-

262 3097 486 3183 plicationibus,
511 3097 573 3162 sire
591 3097 749 3163 universae
769 3097 894 3161 nomine
917 3097 1053 3173 civitatis,
1072 3096 1144 3172 sire,
1160 3118 1238 3184 quas

261 3209 374 3295 singuli
394 3209 473 3274 eires
494 3209 667 3288 edidissent,
678 3209 716 3273 ad
732 3209 902 3295 principem
920 3208 1118 3294 perferendis,
1131 3221 1236 3293 postu·

261 3320 415 3407 landoque
435 3331 479 3399 ut,
500 3322 554 3408 qui
567 3322 654 3386 malis
667 3322 793 3398 artibus,
812 3333 918 3387 eontra
929 3321 1001 3405 jura
1015 3321 1237 3409 privilegioque

261 3435 387 3511 eirium,
400 3435 433 3498 in
445 3457 510 3500 rem
522 3436 678 3521 publicam
694 3436 881 3521 irrepsissent
892 3436 1003 3500 abusus
1018 3435 1201 3500 tollerentur
1211 3434 1235 3500 ³.

263 3542 468 3554 --.--.--

296 3573 307 3613 l
326 3574 377 3623 rid.
397 3591 478 3637 supra,
495 3592 519 3638 p.
538 3572 578 3622 10.
596 3572 720 3623 lddentur
737 3585 848 3635 enolto,
865 3573 899 3620 lle
916 3571 976 3620 sur.
994 3572 1063 3620 Pror.
1081 3572 1142 3635 Oriq.
1160 3572 1174 3637 p
1190 3568 1235 3629 2t;

190 3723 193 3727 ,
261 3680 385 3727 timeas,
407 3664 498 3730 dm,
516 3667 557 3716 ΝΟ.
575 3665 592 3714 8
609 3676 633 3714 et
649 3676 701 3714 not.
718 3682 746 3723 o;
771 3679 906 3726 asumma,
925 3665 1029 3727 lleitr'a'ge
1046 3681 1088 3713 sur
1104 3665 1236 3715 Kenntnisr

261 3759 303 3809 tier
318 3758 448 3808 Kurrrebr.
466 3757 770 3823 huderrerummlnnqen‚
788 3759 813 3807 l.
831 3758 865 3818 ll,
882 3775 906 3821 p.
926 3757 950 3821 l,
969 3774 1023 3819 sqq.

294 3849 308 3889 2
324 3853 452 3914 litounotu,
470 3851 527 3900 ibid.
545 3869 570 3914 p.
588 3849 639 3899 246
649 3860 673 3900 et
689 3860 740 3900 not.
750 3869 773 3914 p.
787 3851 897 3914 Exempla
909 3859 1037 3899 oeeurrunt
1046 3850 1235 3916 rpuduonmr,

259 3942 401 3996 Gerebiebte
417 3942 460 3991 der
474 3943 623 3992 hndst'r'ntle
639 3945 666 3992 in
682 3945 784 4008 llayern,
802 3943 827 3991 Υ.
846 3944 868 4005 1,
884 3960 907 4006 p.
919 3941 969 3991 167
979 3941 1070 4006 arsos,
1084 3961 1137 4007 sqq.
1160 3957 1235 4006 tour,

258 4035 405 4090 Oerterrrieb
423 4045 492 4085 noter
508 4038 593 4086 Kaisar
611 4049 735 4087 mnenon
752 4037 791 4098 ll,
809 4054 832 4099 p.
852 4034 893 4100 13,
911 4053 963 4099 sqq.

293 4133 307 4173 ³
324 4135 453 4194 simois,
470 4130 528 4178 ibid.
