2738 4740
668 422 709 483 96

212 629 328 685 tuntor.
350 619 442 706 Regis
452 630 495 682 est
505 617 544 682 ad
555 639 665 704 magna
681 637 809 682 munero
823 614 977 701 pontificia
987 633 1184 698 promovere.

209 730 333 796 Conlcrt
360 741 464 795 autem
495 729 756 815 archiepiscopalis
788 726 921 814 dignitas
945 727 998 809 jus
1027 723 1184 789 assidendi

209 864 333 907 mensae
352 843 565 927 septemnali,
583 864 663 928 quae
680 861 857 927 supremum
878 849 923 903 est
940 838 1119 923 Hungariae
1137 845 1185 899 to·

210 957 267 1020 tius
286 954 489 1020 dicasterium.
523 956 654 1031 Eorum,
678 956 733 1040 qui
755 954 794 1019 ad
817 951 936 1016 ordines
957 948 1185 1015 monachorum

208 1089 272 1132 sese
289 1067 484 1144 devorerunt,
504 1067 689 1153 stipendium
708 1088 748 1130 ne
767 1064 918 1131 decimam
937 1074 1054 1149 partem
1071 1062 1184 1147 ipsius,

208 1200 271 1265 quo
283 1191 422 1256 utuntur,
435 1181 608 1265 patrimonii
623 1201 767 1264 superare
781 1177 885 1262 possit,
899 1185 1024 1242 cautum
1040 1186 1093 1240 est.
1123 1177 1185 1239 Ar-

208 1288 418 1377 cbiepiscopus
441 1293 606 1357 Granensis
626 1292 740 1356 Primos
760 1289 876 1355 dicitur
895 1288 1091 1375 Hungariae',
1118 1308 1185 1372 quo

206 1404 331 1468 nomine
345 1404 440 1467 titulis
450 1414 605 1489 praeterea
616 1414 739 1467 ornatus
751 1415 796 1467 est
807 1401 958 1486 Principis
969 1399 1085 1486 Magni,
1094 1399 1184 1462 Hun-

207 1516 495 1603 gariaeCancellarii
506 1517 698 1602 sanctaeque
707 1515 793 1579 Sedis
801 1515 916 1601 Legati.
936 1514 1084 1600 lsregem
1098 1533 1184 1577 sacro

205 1629 268 1691 ritu
279 1629 481 1714 inauguratur
498 1628 636 1715 duosque
649 1628 814 1692 adsessores
829 1627 862 1689 in
876 1625 1025 1690 tribunali
1038 1625 1184 1691 Gamerae

206 1739 307 1824 regiae
324 1737 484 1825 designare
505 1750 612 1824 potest.
651 1740 807 1804 Inferioris
829 1760 902 1802 rero
934 1737 1050 1803 ordinis
1077 1738 1183 1802 clerici

158 1850 166 1865 '
204 1872 307 1938 npque
332 1849 371 1914 ad
405 1851 536 1916 diaetam
572 1873 675 1937 neque
703 1851 740 1916 ad
778 1853 982 1917 comitatuum
1013 1860 1183 1915 conventus

203 1965 318 2051 legatos
340 1963 462 2029 mittere
476 1976 610 2050 possunt.
630 1964 720 2047 Quod
738 1965 776 2029 ad
796 1988 843 2029 ros
867 1965 1054 2029 clericorum
1078 1963 1183 2029 civiles

212 2077 334 2154 attinet,
353 2077 386 2140 in
408 2099 457 2142 eas
479 2077 571 2163 plena
592 2100 644 2142 rex
667 2087 815 2162 potestate
838 2077 994 2164 fungitur:
1012 2077 1183 2161 episcopa-

202 2201 292 2255 tuum
311 2212 347 2254 oc
371 2190 590 2256 beneficiorum
615 2189 788 2256 vacantium
812 2188 927 2254 reditus
946 2189 1030 2253 idem
1047 2189 1185 2274 percipit

201 2301 476 2387 auctoritatemque
497 2324 582 2367 suam
602 2311 723 2368 exercet
739 2300 821 2366 circu
839 2301 938 2365 nullus
961 2323 1024 2366 non
1037 2301 1184 2365 ecclesias

201 2435 237 2477 ac
255 2433 352 2476 sacras
373 2416 616 2479 communitates.

243 2522 471 2588 catholicorum
492 2536 595 2589 autern
615 2528 825 2591 Romanorum
848 2547 932 2591 sacra
953 2526 1182 2611 praecaeteris

199 2633 325 2720 publica
345 2646 416 2699 sunt
435 2638 614 2703 auctoritate
637 2647 768 2722 recepta.
811 2640 908 2702 Penes
931 2660 1039 2725 regem
1060 2649 1105 2703 est
1127 2640 1183 2702 ri-

199 2748 293 2823 dere,
317 2770 357 2811 ne
376 2750 521 2815 ecclesiae
542 2753 663 2838 aliaque
685 2752 796 2816 similia
816 2753 954 2816 instituta
967 2752 1096 2837 juribus
1118 2751 1183 2815 suis

199 2885 235 2927 ac
252 2860 416 2947 privilegiis
433 2861 645 2931 destituantur.
672 2864 796 2929 Graecis
815 2875 921 2928 autem
941 2886 1005 2929 non
1022 2864 1183 2948 conjunc·
1203 2939 1205 2942 v

199 2975 247 3050 tis,
268 2972 323 3060 qui
342 2972 497 3050 dicuntur,
523 2976 603 3041 bona
623 2974 791 3039 immobilia
817 2975 980 3061 acquirere
1010 2997 1046 3040 ac
1073 2976 1183 3060 publi·

199 3087 242 3151 cis
263 3086 441 3150 muneribus
463 3086 551 3173 fungi
579 3089 662 3152 licet.
707 3085 848 3163 ludaeis,
875 3109 1095 3174 quascumque
1120 3088 1182 3152 sibi

198 3197 348 3283 elegerint
377 3196 489 3269 urbes.
517 3201 549 3262 iu
578 3198 614 3261 iis
640 3197 792 3274 habitare,
821 3194 958 3284 exceptis*
984 3199 1065 3278 illis,
1094 3222 1182 3286 quae

197 3304 375 3370 effodiendis
391 3309 520 3372 metallis
531 3330 653 3395 operam
668 3318 789 3386 navent,
805 3329 985 3374 concessum
1001 3321 1057 3376 est.
1082 3312 1181 3393 Quod

195 3415 234 3479 ad
252 3417 454 3480 Protestantes
472 3419 595 3494 attinet,
618 3429 743 3483 cantum
761 3430 821 3496 est,
850 3441 890 3483 ne
911 3442 1065 3506 umquam
1088 3425 1181 3488 noris

196 3525 364 3610 privilegiis
389 3529 717 3616 constitutionibusque
747 3529 950 3616 impediatur,
980 3534 1180 3618 quominus

195 3657 304 3701 omnes
327 3635 457 3713 ordines,
476 3651 647 3725 magnates,
664 3641 790 3720 nobiles,
810 3644 912 3728 regiae
932 3646 1025 3711 urbes
1045 3647 1181 3728 liberae,
1255 3687 1259 3693 ·

193 3743 382 3810 mercatibus
406 3745 572 3813 instructae
600 3751 689 3814 urbes
719 3753 852 3839 pagique
882 3755 979 3821 libera
1010 3779 1182 3825 sacrorum

193 3872 324 3918 suorum
345 3855 529 3921 exercitione
548 3858 608 3922 frui
623 3875 763 3949 pergant,
783 3866 897 3930 tributa
918 3865 1004 3934 bisce
1025 3871 1182 3937 omnibus

191 3963 341 4029 facultate
360 3967 471 4047 templa
488 3969 664 4037 aedificandi
677 3995 749 4040 cum
762 3977 895 4042 turribus
908 3990 1005 4066 atque
1018 3983 1182 4050 tintinna-

192 4072 288 4142 bulis,
303 4078 368 4130 tum
385 4071 500 4137 scholas
517 4075 648 4144 habendi
663 4106 731 4149 suas
749 4109 784 4149 ac
799 4093 993 4169 coemeteria,
1004 4093 1183 4162 admonitis
