2738 4740
653 430 714 493 108

195 634 319 700 operam
351 633 462 678 narare
488 622 689 698 cogerentur,
722 621 776 693 ut,
807 608 865 676 bac
894 632 927 675 re
954 610 1162 696 procuranda,

194 726 360 813 quominus
380 727 445 791 lere
465 723 633 812 quicquam
653 723 736 788 aliud
755 723 878 810 majoris
895 724 1045 789 momenti
1064 723 1167 811 agita-

194 849 277 916 rent,
291 837 452 923 impeditos
463 858 529 902 seso
540 835 687 902 riderent.
709 837 748 901 Et
758 837 791 900 iu
802 835 944 900 borussil
953 835 1079 923 quidem
1089 858 1166 901 nora

194 951 307 1015 exstitit
327 971 476 1037 perquam
500 971 612 1034 anceps
635 947 835 1036 difficilisque
857 947 898 1013 ad
916 946 1166 1034 pertractandum

193 1062 331 1149 quaestio
355 1061 410 1126 lite
428 1061 480 1127 illa
499 1060 653 1127 uotimima
676 1060 757 1126 inter
771 1062 890 1148 Regem
908 1071 1003 1147 atqm
1020 1061 1168 1126 eeclesiae
1232 1074 1239 1085 ’

192 1175 350 1240 Romanae
358 1174 662 1260 prinoipem,Papam
672 1174 858 1249 Romanum,
866 1193 928 1258 qua
939 1183 970 1237 et
983 1173 1166 1238 inveteratae

193 1286 276 1353 circa
294 1308 359 1353 rem
380 1308 497 1352 sacram
514 1285 721 1352 contentiones
741 1306 820 1349 noro
839 1283 948 1350 ardore
974 1286 1166 1350 resuscitatae

194 1409 302 1464 ettam
319 1398 418 1464 multa
438 1410 565 1485 tamque
583 1397 678 1463 ardua
690 1397 812 1484 negotia
833 1396 999 1462 Romssicis
1012 1397 1166 1482 imperan-

194 1510 276 1575 tibus
296 1509 451 1586 facessito,
472 1520 522 1585 ut,
544 1507 630 1573 bisce
644 1508 701 1572 rite
715 1528 752 1572 ac
768 1506 938 1593 prudenter
951 1508 1167 1596 profligandis,

191 1644 249 1710 per
259 1623 427 1687 multorum
439 1621 572 1706 spatium
585 1636 738 1687 annorum
753 1620 883 1686 mirifice
892 1620 1008 1687 luerint
1025 1620 1168 1687 districti.

193 1734 263 1817 Qua
278 1744 380 1799 tamen
400 1732 455 1798 lite
476 1753 579 1811 nunc,
596 1743 632 1797 ut
648 1733 805 1819 probabile
824 1731 959 1812 ridetur,
980 1733 1023 1798 ita
1042 1755 1167 1818 compo·

192 1847 265 1923 sita,
296 1855 348 1924 ιιι,
372 1844 567 1910 concordiam
590 1866 664 1910 mox
691 1847 784 1930 plane
813 1845 988 1910 restitutum
1015 1847 1068 1923 iri,
1099 1868 1167 1930 spes

192 1959 319 2025 omnino
338 1957 532 2045 suppeditet,
553 1957 635 2024 band
650 1959 781 2025 absurda
799 1980 906 2025 eorum
920 1970 965 2024 est
983 1962 1167 2045 exspectatio

193 2070 363 2154 censenda,
391 2072 465 2158 qui,
494 2083 615 2159 tempus
630 2093 728 2157 prope
747 2070 869 2155 adesse,
890 2071 1014 2158 quoad
1035 2070 1167 2136 Ordines

192 2185 326 2250 universi
337 2184 424 2271 regni
438 2184 638 2259 instituendos
654 2183 758 2249 accedi
774 2184 882 2269 possit,
905 2183 1030 2268 iusuper
1046 2205 1168 2269 sperare

194 2295 342 2377 audeant3
369 2297 549 2382 praesertim
578 2317 651 2362 cum
680 2317 780 2381 nuper
806 2295 890 2382 regia
912 2294 1060 2383 dignitate
1087 2297 1168 2381 ejus·

194 2406 277 2472 modi
297 2407 438 2493 princeps
456 2406 615 2474 decoratus
626 2409 679 2486 sit,
696 2408 829 2494 quitum
845 2407 878 2470 in
892 2407 959 2493 ipso
972 2408 1077 2473 aetetis
1093 2409 1169 2473 flore

194 2529 345 2596 versetur,
369 2529 453 2594 turn,
472 2519 577 2584 multis
594 2521 660 2605 jam
681 2520 791 2585 eximie
811 2520 1046 2599 constituendis,
1070 2542 1167 2609 quan-

194 2642 300 2716 topere
322 2630 437 2697 civium
466 2632 546 2696 salus
572 2654 611 2698 ae
633 2632 786 2696 verissima
813 2633 974 2699 commoda
998 2655 1090 2698 curae
1111 2635 1168 2699 sibi

195 2742 344 2829 cordique
362 2743 438 2822 sint,
460 2743 620 2811 luculento
642 2743 816 2810 testimonio
833 2743 1084 2810 demonstraverit
1101 2746 1123 2810 ¹.

193 2910 389 2923 ———

230 2999 239 3034 ¹
257 3000 356 3066 Saepius
370 3011 449 3053 sutem
465 3018 508 3052 res
520 3003 645 3055 benonim
660 3004 783 3070 pollicitus
793 3011 857 3067 erat,
867 3010 1079 3066 maturrimam,
1091 3012 1118 3051 nt
1129 3019 1171 3066 po·

195 3094 286 3162 puleris
302 3097 488 3159 repraesentatio
506 3098 679 3149 institueretur.
713 3099 766 3148 Jasn
786 3113 850 3146 suno
866 3094 944 3157 1810,
962 3095 1043 3145 Edicto
1057 3096 1105 3145 diei
1119 3097 1170 3146 Oct.

195 3187 239 3250 27,
262 3190 388 3238 eonsilium
407 3208 475 3240 suurn
492 3202 631 3256 aperuerat:
650 3191 712 3240 sdes
729 3192 815 3241 ilation
833 3190 888 3239 eine
906 3190 1072 3253 srreoknrtssig
1093 3190 1170 3251 einge-

196 3280 318 3332 ariolrtete
333 3284 543 3349 tteprtsensarion,
562 3285 654 3336 sorrobl
671 3286 697 3334 in
718 3285 760 3333 der
776 3285 907 3333 Prorinsen
925 3284 962 3331 als
979 3285 1017 3332 it'sr
1034 3282 1077 3331 das
1093 3284 1171 3330 Ganss

195 3389 249 3423 ssu
264 3374 368 3438 κώρι’*
384 3377 476 3426 Preuss.
496 3378 671 3428 Gesetsssrnrnl.
689 3375 767 3440 1810,
785 3394 809 3441 p.
830 3375 872 3426 31.
898 3377 963 3442 Quae
985 3375 1114 3424 declaratio
1135 3391 1173 3422 re·

193 3469 267 3532 petita
282 3469 328 3518 luit
341 3469 367 3518 in
380 3471 472 3534 Edicto,
490 3469 514 3522 ⁷.
528 3471 592 3536 Sept.
609 3470 687 3536 1811,
704 3472 878 3524 lissetssarnml.
895 3489 952 3520 nnn.
969 3468 1048 3534 1811,
1065 3489 1088 3534 p.
1110 3468 1171 3518 262.

194 3561 231 3611 sb
249 3561 331 3612 edent
345 3563 401 3613 inde
419 3563 459 3614 die
482 3567 612 3615 constituta
635 3575 672 3616 est
697 3566 773 3615 seius
791 3564 982 3616 interimistisclre
1006 3564 1174 3614 bledensi-lle·

193 3656 372 3718 pr'a'sentation”
387 3674 458 3721 quae,
474 3657 560 3708 diebus
572 3657 599 3708 ⁵.
618 3660 685 3709 llart.
706 3668 731 3708 et
747 3656 789 3708 17.
805 3659 868 3709 Nor.
889 3656 964 3721 1813,
978 3659 1172 3707 instaurationem

194 3750 292 3813 sucepit.
315 3749 492 3806 Geoetusnml.
508 3750 585 3817 1811,
597 3771 620 3816 p.
632 3751 691 3804 261.
704 3769 741 3816 sq.
758 3750 835 3815 1813,
850 3769 873 3816 p.
893 3749 929 3802 28
943 3761 968 3801 et
984 3750 1043 3802 134.
1061 3751 1172 3799 Secutum

195 3848 232 3890 est
242 3841 348 3892 Ediotun
364 3844 463 3911 Regium
479 3845 505 3894 in
520 3845 650 3909 Conversa
665 3844 792 3894 Viennensi
805 3844 902 3906 datum,
917 3843 948 3893 de
964 3861 1012 3907 qno
1024 3860 1078 3893 snon
1095 3843 1173 3892 lunius

194 3930 318 3995 agendum.
346 3933 395 4001 (rr.
415 3937 520 3986 (lesetss.
544 3935 622 4001 1815,
644 3955 667 4001 p.
694 3935 763 4004 103).
789 3938 903 3985 l'ontenta
922 3934 969 3985 boo
987 3935 1064 3984 edicto
1082 3950 1173 3996 reprae-

194 4025 335 4075 sentationis
362 4029 471 4090 publicae
496 4030 641 4081 ordinandae
669 4031 897 4096 provincialiumque
920 4031 1029 4080 ordinum
1048 4030 1173 4079 instituen-

196 4113 279 4166 dornn
300 4119 432 4190 proscissio,
449 4121 589 4185 quibusdan
609 4124 680 4174 etiam
695 4123 797 4174 decretis
813 4123 982 4187 posterioribus
998 4123 1096 4186 repetita
1117 4122 1172 4170 luit.
