2738 4740
657 477 717 539 179

195 660 310 725 civium
330 658 481 725 felicitatis
501 656 611 745 gratil,
634 656 696 721 sire
722 655 876 742 pendendi
899 656 1022 725 nomine
1052 654 1158 724 tributi

195 772 258 838 sire
274 770 364 839 officii
381 769 555 858 praestandi
572 769 793 856 injungentem
813 768 853 833 de
871 768 995 856 quibus,
1006 771 1064 836 nisi
1076 768 1160 837 aliud

196 884 272 971 qnid
302 907 338 950 ex
364 882 494 971 pmpriis
519 883 660 948 locorum
683 879 807 965 juribus
833 879 1017 967 singularite
1047 882 1162 948 cisium

196 997 376 1084 profluxerit
393 997 564 1071 voluntate,
588 991 668 1059 hano
689 1002 842 1079 receptum
864 992 1006 1058 universe
1025 995 1163 1081 regulam

196 1110 378 1186 invenimus,
405 1108 476 1192 jura
508 1103 731 1191 commodeque
760 1104 912 1171 societatis
940 1105 987 1168 uti
1013 1105 1165 1191 aequabili

197 1242 322 1307 prorsus
340 1220 402 1284 ritu
418 1240 524 1283 omnes
539 1218 621 1283 inter
638 1216 734 1283 socios
753 1216 983 1295 distribuantur,
1000 1216 1044 1284 ita
1061 1237 1165 1304 parem

199 1333 247 1398 his
264 1342 376 1397 sortem
394 1331 428 1396 in
448 1329 611 1397 tolerandis
630 1329 773 1396 oneribus
792 1329 975 1396 incumbere
995 1330 1019 1398 ¹.

244 1442 471 1530 Quodcumque
494 1445 574 1511 eires
600 1444 634 1511 in
653 1444 783 1510 comitiis
809 1444 1028 1522 decreverunt,
1055 1443 1167 1511 scitum

201 1555 426 1622 communionis
457 1554 825 1645 (Gemeiode-llescbluss)
852 1557 1033 1644 appellatur.
1077 1557 1168 1641 Quod

201 1679 305 1734 tamen
323 1678 424 1734 ratum
442 1666 546 1735 haberi
563 1690 627 1734 uon
644 1679 754 1755 potest,
777 1667 835 1734 nisi
855 1669 1016 1736 condendo
1029 1670 1076 1736 illi
1090 1669 1169 1735 duae

201 1787 309 1849 tertiae
329 1783 481 1849 sociorum
503 1793 603 1869 partes
623 1780 851 1850 interfuerint&
883 1783 980 1868 Saepe
997 1805 1069 1849 vero
1087 1783 1169 1849 circs

201 1898 234 1962 in
258 1897 385 1962 selectos
407 1906 618 1980 procuratores
641 1915 745 1960 rerum
761 1915 887 1960 suarum
905 1895 1072 1983 gestionem
1094 1916 1168 1961 con·

200 2007 322 2085 lerunt,
353 2006 436 2072 unde
470 2007 629 2092 proprium
659 2006 772 2072 exstitit
799 2008 1035 2094 magistratuum
1056 2030 1170 2094 genus,

201 2141 336 2208 quoram
364 2118 575 2205 gravissimum
614 2139 679 2182 esse
711 2120 745 2182 in
776 2118 970 2184 moderandis
998 2120 1172 2206 municipiis

202 2231 358 2306 officium,
382 2251 453 2295 mox
477 2229 645 2294 ridebimus
665 2228 688 2295 ³.

247 2344 336 2423 Quae
355 2338 502 2405 hactenus
527 2339 721 2425 exposuimus
740 2341 779 2407 ad
797 2342 902 2408 ambas
920 2343 1172 2410 communionum

205 2452 319 2538 speeies
339 2472 492 2539 peraeque
509 2454 684 2519 referuntur
690 2477 699 2535 3
722 2465 754 2521 at
772 2455 1004 2523 administrandi
1022 2457 1098 2524 ratio
1112 2458 1173 2524 alia

204 2567 236 2631 in
257 2567 387 2633 urbibus
410 2566 640 2655 majoribusque
657 2567 762 2656 pagis,
784 2569 842 2635 alia
857 2569 890 2634 in
912 2571 1065 2638 ruralibus
1088 2594 1174 2639 corn-

205 2681 402 2746 munionibus
421 2691 597 2766 usurpatur.
641 2681 687 2748 lle
711 2681 772 2748 illis
786 2683 853 2768 jam
872 2682 1041 2765 rideamus3
1062 2684 1172 2752 harum

204 2794 409 2861 conditionem
429 2794 461 2860 in
482 2795 543 2882 §⁹¹⁰
563 2795 705 2882 sequenti
724 2794 936 2861 adumbreturi
955 2819 1072 2865 sumus.

248 2910 361 2973 Eorum
379 2907 494 2995 igitur,
515 2908 570 2994 qui
590 2907 747 2994 oppidanis
780 2906 956 2973 bominibus
985 2920 1119 2995 utraque
1141 2910 1174 2974 iu

206 3021 302 3086 classe
317 3020 480 3106 praepositi
497 3029 578 3098 sunt,
597 3030 657 3084 tres
676 3019 769 3085 veluti
791 3019 912 3086 ordines
930 3020 1176 3108 distinguuntur,

244 3242 250 3276 ¹
270 3242 331 3293 lbid.
347 3242 366 3290 l.
385 3259 407 3290 c.
424 3241 437 3307 d
454 3238 496 3303 19,
514 3241 553 3291 ll⁰.
571 3238 597 3291 3.

242 3334 253 3366 ¹
271 3334 331 3384 lbid.
354 3336 381 3384 Τ.
399 3333 438 3396 Π,
459 3333 492 3400 §d
519 3331 561 3397 36,
580 3332 624 3398 37,
641 3335 699 3384 coll.
724 3335 758 3402 §5
776 3334 809 3384 'll
826 3343 850 3383 st
869 3333 927 3386 los.
961 3336 1081 3387 Cromen
1098 3338 1178 3387 solere

210 3430 294 3482 scitum
316 3427 485 3478 mmnnnionis
508 3428 602 3477 nullum
618 3437 705 3492 potest,
722 3429 769 3478 nisi
785 3429 811 3478 in
828 3428 932 3478 randena
949 3431 1088 3479 sententian
1105 3433 1180 3495 rnsJ'or

209 3540 262 3588 psrs
277 3521 433 3586 praesemina
448 3520 563 3570 sociorum
581 3522 735 3573 consenserit.
752 3522 842 3590 Quodsi
858 3525 946 3588 psritss
961 3524 1078 3574 exstiterit
1094 3526 1179 3574 suffra·

208 3617 308 3680 perna,
320 3613 382 3663 illud
399 3613 494 3663 deosrni
511 3613 623 3677 plrm'tnru
637 3615 745 3680 jubetur,
754 3615 818 3680 qnod
835 3632 849 3664 s
865 3617 987 3681 municipii
1002 3616 1109 3680 praeside
1123 3616 1181 3684 (ue-

209 3705 450 3768 neate-ronulas)
467 3707 653 3757 oonrssndstnns
669 3708 750 3758 iuuit.
777 3709 918 3759 Absentiam
934 3709 1008 3772 sines,
1024 3709 1072 3759 nisi
1088 3726 1178 3773 romu,

209 3802 239 3851 ds
257 3802 343 3865 quibus
359 3808 454 3849 orntum
471 3809 507 3848 sst
522 3800 550 3849 T.
566 3802 589 3850 ll
608 3799 676 3864 §¹⁴2
693 3802 823 3865 suppleris
838 3803 1001 3865 praesentibus
1020 3818 1069 3852 non
1085 3803 1180 3855 debant.

211 3897 336 3959 llsqnsnnt
353 3894 455 3955 deniqne
471 3891 501 3940 ds
519 3893 619 3956 propriis
636 3902 677 3941 sut
694 3893 740 3941 ciri
757 3891 831 3941 alicui
848 3904 889 3943 snt
898 3893 1018 3945 bominum
1027 3896 1098 3948 classi
1107 3899 1178 3948 rebus

211 3989 269 4036 scits
285 3987 365 4048 condi,
388 3986 435 4035 nisi
458 4001 519 4050 quse
536 3984 620 4035 borum
642 3987 744 4048 ipsorum
761 3985 849 4035 luerint
866 3986 1004 4039 rdsensions
1021 3991 1180 4054 oonprobrtr.

211 4080 263 4129 riu.
279 4080 306 4128 Τ.
325 4079 365 4140 Π,
382 4079 410 4145 §d
427 4075 471 4140 38,
490 4077 532 4138 39,
550 4076 593 4126 tl.

250 4170 261 4205 ³
278 4170 338 4220 lbid.
356 4172 375 4219 1.
392 4171 442 4236 od
462 4168 503 4218 l2.

1009 4274 1075 4335 12*
