2738 4740
589 392 654 456 268

137 574 178 638 ita
189 584 290 636 tamen
299 581 332 636 ut
341 572 366 635 is
377 572 566 658 reliquorum
575 572 756 639 sententiam
765 576 944 660 explorare
958 580 1135 646 rencourt

137 685 234 749 Series
248 706 340 770 supra
355 683 454 750 dictas
464 707 482 750 a
493 685 704 751 commissoriis
714 685 836 752 debent
848 689 1035 757 examinari
1046 704 1136 780 atqua

136 797 174 864 ad
190 798 346 885 publicam
365 798 505 865 notitiam
524 797 652 884 perferri
670 797 693 864 ².
724 798 763 863 ln
784 799 929 887 singulis
953 805 1135 892 regionibus

138 914 288 980 electoriis
299 911 414 1000 singuli
423 909 621 1003 designantur
632 910 780 976 electores
789 908 815 976 ³.
836 913 1133 1001 Magistratusoon·

139 1029 260 1092 stitutus
279 1025 449 1091 secundum
462 1029 533 1112 §80
552 1024 614 1112 lag.
634 1021 665 1088 tl.
683 1024 773 1090 elect.
790 1025 962 1115 cujusque
977 1029 1131 1096 districtus

138 1140 232 1205 socios
248 1139 363 1216 inritat,
379 1148 414 1202 ut
430 1148 513 1204 certo
531 1137 564 1201 in
583 1136 709 1225 regione
723 1137 793 1201 loco
806 1153 1029 1225 compareant
1039 1141 1063 1209 ⁴.
1083 1143 1128 1217 lli,

137 1252 253 1319 indicto
279 1253 329 1318 dio
355 1253 517 1318 convenire
538 1261 680 1316 tenentur
705 1271 808 1337 noque
840 1263 901 1318 aut
921 1259 1056 1342 praevia
1078 1266 1128 1322 aot

139 1375 258 1451 postera
280 1364 498 1431 deliberatione
525 1364 667 1452 suffragia
697 1364 779 1428 ferre
811 1379 951 1451 possunt
981 1368 1008 1436 ⁸.
1063 1371 1124 1436 lloo

138 1478 274 1544 advocati
292 1478 473 1564 inspiciendi
492 1479 582 1544 causi
600 1498 642 1542 ne
666 1477 873 1544 admittantur
890 1480 915 1547 ⁸.
954 1482 1006 1549 Ex
1024 1485 1122 1549 muni·

139 1591 283 1677 cipulium
309 1593 542 1679 magistratuum
562 1612 707 1668 numero,
730 1589 900 1658 moderans
926 1597 1121 1684 magistratus

138 1703 304 1769 adsessores
312 1703 430 1790 aliquot
440 1703 497 1768 sibi
506 1702 646 1790 adjungit
656 1700 681 1769 ⁷.
691 1703 739 1767 Fit
749 1703 895 1770 electoris
905 1705 1118 1796 designatioex

139 1838 268 1882 numero
286 1817 449 1892 sociorum,
461 1816 494 1880 in
507 1818 634 1903 regiona
650 1816 812 1883 electoriae
823 1818 917 1884 serici
933 1832 1119 1887 memoratas

140 1931 354 2016 inscriptorum
365 1929 388 2007 ⁸,
414 1929 476 1994 sira
493 1951 555 2008 ore,
574 1929 636 1994 sire
655 1931 770 2015 scripto
783 1929 808 1995 ⁹.
832 1930 936 1997 Finita
958 1933 1116 2004 electione,

139 2045 240 2108 atatim
255 2043 341 2108 abiro
364 2051 519 2117 tenentur,
534 2064 552 2107 a
570 2042 685 2128 quibus
701 2041 762 2107 lata
780 2039 928 2129 suffragia
940 2044 1071 2110 luerunt
1081 2043 1113 2108 ¹⁰.

139 2155 228 2240 Quod
245 2176 409 2221 numerum
420 2154 528 2220 attinet
535 2153 759 2240 suffragiorum,
771 2153 965 2220 observanda
974 2155 1037 2222 lrac
1045 2177 1114 2245 qno·

140 2292 202 2357 qua
220 2279 291 2333 sunt
307 2267 467 2344 electione,
479 2288 558 2353 quas
571 2270 641 2355 §38
655 2275 685 2330 ct
697 2269 740 2333 70
754 2277 922 2352 praecepta
937 2268 1071 2335 vidimus
1080 2268 1112 2333 ¹¹.

140 2381 245 2446 Finitis
268 2380 426 2444 districtus
445 2376 682 2467 (Wahlbeairks)
708 2377 877 2443 electorum
896 2378 1114 2470 designationi-

139 2495 196 2559 bus
220 2492 377 2569 universis,
395 2491 534 2557 omnium
554 2502 725 2557 creatorum
743 2491 777 2556 in
797 2489 942 2557 districtu
952 2492 981 2538 ¹²
1005 2494 1114 2560 electo

142 2628 209 2673 rum
222 2604 343 2670 nomina
354 2604 586 2671 acommissario
601 2602 809 2670 conferuntur.
829 2603 872 2668 Ut
885 2605 984 2690 possit
992 2605 1062 2692 quis
1070 2605 1114 2670 le·

142 2732 228 2808 gatus
237 2720 320 2808 eligi,
331 2720 513 2784 rusticorum
525 2716 622 2794 classi,
630 2726 749 2801 praeter
763 2716 952 2783 universales
965 2717 1004 2783 ad
1014 2718 1114 2805 cujus·

141 2837 183 2900 ris
213 2834 409 2921 capacitatem
438 2831 594 2918 requisitas
624 2828 831 2907 conditiones,
855 2831 1049 2915 postulatur:
1082 2843 1114 2896 ot

139 2969 272 3014 annuam
289 2946 465 3033 pensionem
487 2945 582 3007 solvat
599 2943 724 3032 triginta
744 2941 783 3008 ad
798 2941 967 3009 minimum
983 2944 1113 3011 thalero

141 3083 221 3137 mm,
246 3061 373 3125 nomine
396 3057 593 3143 vectigalium
615 3061 633 3142 §
654 3059 697 3122 83
722 3065 975 3121 enumeratorum
994 3056 1033 3138 ’ἢ
1050 3068 1114 3123 tum

142 3172 260 3260 opificio
284 3171 378 3237 rurali
398 3169 557 3234 incumbat
579 3179 633 3232 aut
654 3190 726 3233 rura
749 3167 898 3233 lubricam
923 3169 1112 3241 moderetur,

142 3298 297 3373 tamquam
322 3284 538 3371 praecipuum,
560 3283 610 3347 cui
636 3302 759 3368 operam
778 3290 880 3360 uarat,
903 3284 1114 3372 negotiumss.
1170 3279 1173 3283 ’

177 3455 355 3525 *mam
644 3449 825 3518 ’mom

176 3548 354 3618 ³fflpm
642 3541 819 3610 *mom

175 3639 447 3708 umwwm.
639 3631 919 3702 amomon

176 3732 355 3802 tmpm
641 3727 916 3795 ⁸mpuua

176 3823 450 3894 ·mpuua
636 3817 826 3887 amam

169 3913 643 3988 ufflpmmpmmm

168 4010 356 4080 offlam
632 4002 820 4074 offlam

172 4103 357 4173 offlam
