2738 4740
652 462 708 525 191

241 653 282 717 Ut
299 661 364 739 post
383 649 463 717 banc
483 650 560 715 satis
580 648 733 733 copiosam
753 647 793 712 de
815 647 905 712 rebus
925 649 1163 735 municipiorum

197 765 433 852 digressionem,
463 761 547 828 unde
572 760 768 837 defleximm,
791 781 828 826 eo
845 759 968 827 tandem
986 761 1162 839 redeamus,

197 878 236 942 de
263 879 396 944 uniuersi
426 875 534 962 populi
561 872 764 939 mandatarius
792 871 928 959 eligendi
956 871 1016 937 ritu
1039 875 1165 940 urbanis

197 989 372 1056 bominibus
396 988 508 1052 usitato
531 986 598 1070 jam
619 985 721 1050 statim
748 983 970 1071 dispiciendum
992 986 1081 1049 nobis
1109 999 1164 1062 est,

197 1104 248 1169 uui
264 1125 338 1168 sana
353 1097 556 1186 intelligendo
573 1096 822 1183 aestimandoque
841 1096 975 1160 multum
995 1095 1073 1160 locis
1090 1097 1166 1164 aliu,-
1266 1140 1271 1151 .

196 1238 278 1293 sura,
295 1212 429 1302 quaudo
443 1211 572 1275 urbium
588 1221 669 1275 statu
688 1232 725 1276 ac
743 1208 892 1297 regimine
911 1208 1166 1294 praemiserimus,

198 1326 281 1394 haud
299 1326 413 1411 injuria
429 1323 582 1391 confidere
601 1325 690 1390 nobis
711 1322 860 1390 ridemur.

242 1441 334 1505 Hunc
360 1449 464 1505 autem
487 1439 580 1503 ritum
609 1438 706 1503 alium
735 1457 801 1502 esse
827 1434 959 1523 legimus
988 1435 1022 1500 in
1050 1437 1167 1523 oppidis

199 1575 268 1619 suus
279 1554 312 1618 in
327 1563 514 1619 conventum
523 1551 725 1617 mandatarius
734 1548 911 1637 singulatim
927 1547 1167 1636 designantibus,

145 1668 152 1678 '
198 1667 293 1733 alium
313 1668 346 1731 in
366 1667 420 1744 iia,
440 1686 520 1753 quae
536 1662 716 1730 nominandi
737 1663 824 1728 iatam
846 1662 1025 1727 facultatem
1046 1666 1167 1730 nonnisi

194 1779 330 1864 junctim
351 1799 424 1842 oum
443 1778 509 1843 aliis
530 1787 701 1844 exerceant.

241 1893 278 1958 In
289 1892 349 1956 illis
363 1891 445 1958 enim
456 1890 638 1981 (lionachio,
648 1889 854 1978 Augsborgiu,
864 1887 1083 1978 Nurimbergd)
1094 1889 1167 1955 sim·

198 2006 266 2090 plor
285 2003 481 2069 comitiorum
495 2005 579 2069 velut
596 2002 671 2070 ordo
687 2000 905 2067 comtituendis
919 2000 1065 2089 delegatis
1078 2026 1168 2069 usur·

196 2128 296 2202 patur,
317 2138 452 2205 quornm
471 2117 611 2204 legitime
632 2116 723 2180 electi
740 2116 946 2199 magistratus,
966 2115 1000 2179 id
1017 2128 1062 2180 est
1078 2118 1169 2182 titulo

195 2230 250 2296 illo
273 2232 396 2315 propria
415 2228 638 2315 significatione
657 2224 811 2312 appellati,
832 2225 1078 2314 burgimagistri,
1097 2249 1170 2293 oon·

197 2341 301 2406 siliarii
317 2362 355 2406 ac
376 2341 401 2404 si
422 2349 544 2425 praeter
564 2337 618 2402 bos
638 2338 704 2424 pari
723 2335 846 2401 buuoris
863 2337 960 2425 grado
981 2337 1079 2425 aliqui
1095 2361 1168 2405 ceu-

198 2461 339 2528 seantm,
367 2473 470 2539 neque
490 2471 554 2515 non
578 2449 692 2515 civium
715 2461 946 2535 procuratores,
972 2449 1078 2516 eadem
1105 2453 1168 2517 sin·

199 2564 266 2651 guli
291 2564 325 2628 in
349 2562 478 2628 terendo
503 2561 650 2649 suffragio
671 2561 832 2640 libertato,
855 2556 1099 2649 participes'esse
1115 2566 1168 2651 ju·

197 2677 329 2754 beutur,
351 2675 544 2754 electionem,
565 2672 703 2761 praeside
722 2672 851 2759 bujnsoe
869 2675 962 2761 ipsios
982 2678 1079 2763 gratia
1097 2700 1168 2745 mu-

197 2790 278 2854 neris
291 2811 310 2853 a
323 2809 397 2876 rege
406 2787 564 2876 designato
574 2786 791 2863 commissario,
802 2787 925 2853 obituri.
946 2787 1040 2872 Cujus
1053 2788 1169 2855 scilicet

196 2901 355 2986 auspicatu
384 2900 576 2977 convocatis,
599 2910 762 2985 postquam
789 2899 961 2984 injunctam
989 2901 1170 2967 electoribus

193 3012 361 3097 juramenti
382 3012 545 3076 formulam
576 3011 789 3088 recitaverint,
821 3010 946 3076 tabellas
969 3032 1169 3079 numerorum

198 3124 284 3212 signa
305 3124 451 3188 continua
481 3124 560 3188 serie
586 3121 732 3189 babentes
752 3125 896 3209 impressa
918 3146 955 3189 ac
972 3123 1084 3191 deindo
1103 3128 1171 3192 eol·

197 3237 293 3301 lectas
310 3236 539 3321 permixtasque
558 3235 699 3301 distribui
723 3247 852 3322 oportet.
898 3237 1040 3303 Tabellas
1064 3249 1169 3305 autem

199 3370 272 3414 suae
301 3348 435 3436 quisque
462 3349 595 3428 elector,
623 3370 718 3436 quem
746 3372 861 3438 quosve
882 3351 996 3440 legatos
1017 3351 1170 3439 designari

199 3461 320 3547 cupiat,
344 3483 416 3527 eum
438 3462 470 3527 in
494 3461 622 3528 modum
644 3464 811 3530 inscribere
827 3476 966 3545 tenetur,
989 3477 1026 3531 ut
1047 3467 1172 3532 nomina

197 3576 289 3640 simul
319 3587 350 3641 ct
380 3575 578 3663 praenomina
610 3599 733 3658 eorum,
767 3589 834 3644 tum
865 3580 978 3667 quibus
1007 3581 1173 3667 praecipue

197 3689 379 3756 incumbant
407 3691 555 3778 negotiis,
587 3691 715 3758 adnotet
744 3690 926 3780 editumque
954 3716 973 3759 a
1001 3715 1034 3758 so
1064 3704 1171 3758 votum

198 3801 421 3889 subscriptione
462 3825 516 3869 sua
535 3804 713 3870 corroboret
738 3804 761 3871 ¹.
812 3805 858 3870 Ile
880 3816 983 3871 autem
1014 3805 1099 3873 irrita
1118 3827 1172 3870 ex-

199 3914 303 3980 sistant
322 3915 483 4001 suffragia,
506 3916 654 4000 ejusmodi
679 3939 753 4002 prae
769 3916 960 4004 ignoratione
983 3917 1100 3984 uiribus
1117 3918 1170 3984 de-

237 4158 243 4188 ¹
263 4157 336 4208 Edict.
354 4159 384 4208 de
398 4177 468 4211 eona.
483 4160 534 4211 ord.
550 4163 576 4210 T.
594 4163 614 4224 l,
628 4161 642 4226 d
655 4159 698 4210 21.
