2738 4740
632 456 694 518 25⁴

235 640 271 703 ln
289 640 420 703 alterum
437 648 558 703 coetum
575 637 666 724 legati
681 635 728 699 rel
742 636 837 719 prius
856 638 1028 704 societatis
1045 643 1180 707 amittant

188 752 382 816 facultatem:

232 862 268 949 a)
291 865 315 927 si
339 862 525 930 conditiones
551 861 726 950 requisitas,
754 861 825 925 sive
847 864 993 930 omnino
1023 867 1092 932 sire
1112 842 1180 932 did·

190 979 236 1043 nis
257 976 444 1054 districture,
469 999 533 1064 quo
551 974 640 1042 electi
662 974 739 1049 sint,
759 987 941 1060 respectu,
964 979 1145 1060 amimrint3

233 1091 263 1173 b)
279 1090 303 1153 si
324 1102 458 1175 tempore
470 1088 628 1177 legationis
641 1084 815 1164 obeundae,
835 1088 1022 1172 publicum
1036 1092 1179 1181 quoddam

191 1202 325 1268 officium
346 1213 399 1267 aut
419 1201 651 1287 stipendiarium
676 1219 790 1263 munus
806 1199 969 1267 aulicum
987 1205 1178 1292 susceperint

233 1315 265 1398 c)
287 1317 311 1380 si
332 1338 383 1381 rex
403 1326 524 1381 coetum
543 1313 709 1379 dissolverit
727 1311 752 1378 ¹.
842 1316 847 1323 '

233 1429 358 1494 Casibus
376 1440 479 1494 autem
497 1428 555 1494 sub
573 1428 669 1493 bete
686 1424 831 1490 indicatis
849 1424 983 1491 iterum
1002 1428 1103 1495 iidem
1117 1426 1178 1513 elisi

190 1554 327 1631 possunt.

235 1656 356 1720 Praeses
376 1654 499 1719 alterius
523 1663 628 1717 coetus
647 1673 684 1717 sc
705 1647 840 1715 sicarius
862 1648 1085 1719 delicientiei
1104 1650 1176 1718 suu

192 1767 317 1832 cieudus
336 1788 353 1830 e
373 1752 445 1852 rege
463 1764 629 1850 eliguntur.

234 1879 270 1942 In
297 1878 447 1963 cujusque
474 1875 591 1941 diaetae
615 1877 755 1961 ingressu
778 1883 921 1958 quatuor
956 1877 1042 1942 socii
1067 1876 1177 1943 occulta

191 1989 402 2078 suffragiorum
423 1987 535 2053 latione
553 2011 570 2053 a
586 1999 676 2052 coetu
698 1997 769 2050 sunt
782 1983 993 2071 designandi,
1016 2013 1054 2056 ex
1072 1989 1176 2077 quibus

192 2127 242 2169 rer
254 2124 350 2168 unum
361 2099 531 2187 praesidem
547 2120 708 2186 unumque
720 2097 874 2164 vicarium
886 2099 1002 2187 eligat
1022 2102 1177 2169 Ordinatio

193 2217 232 2282 de
245 2217 360 2283 diaetae
381 2213 538 2280 habendae
556 2212 647 2277 modo
669 2208 1005 2301 (Landtagsordnung)
1022 2215 1175 2300 utriusque

194 2351 306 2393 munus
325 2327 430 2393 delinit
448 2327 471 2394 ².

645 2462 716 2544 ss.

194 2638 244 2705 De
267 2638 472 2704 electionibus
496 2640 660 2702 sociorum
680 2638 716 2698 in
737 2632 886 2697 ordinum
910 2646 1097 2715 conventis,
1127 2658 1172 2702 se·

215 2752 352 2818 cundum
368 2753 470 2843 legem
487 2751 528 2816 de
553 2747 758 2815 electionibus
778 2749 815 2808 in
835 2767 941 2833 regno
962 2745 1151 2833 Summus,

238 2866 273 2931 d.
295 2867 336 2928 24
356 2888 398 2929 m.
422 2862 622 2955 Septembris
636 2886 669 2928 a.
689 2863 783 2927 1831.
801 2856 1046 2950 (Wadlgesets
1061 2864 1131 2947 fiir

260 2977 315 3042 die
330 2975 500 3066 leiustigeu
519 2972 934 3062 Stttndeuersammlsmgess
958 2975 1007 3037 ins
1029 2972 1109 3041 Ks-

507 3086 658 3176 m'grcich
674 3080 848 3168 Saclssen.)

240 3224 354 3288 dilectio
374 3222 555 3312 legationum,
572 3244 650 3310 quos
674 3223 796 3287 mittant
815 3221 849 3284 in
867 3243 1073 3308 congressum
1092 3222 1169 3289 ordi·

198 3356 273 3400 num
293 3357 473 3421 possessores
486 3338 673 3424 equestrium
691 3334 897 3420 praediorum,
915 3334 1029 3401 urbani
1049 3359 1088 3403 ac
1104 3358 1168 3401 rus·

198 3449 250 3514 tici
280 3447 429 3526 homines,
458 3449 640 3535 perficitur,
665 3447 796 3513 ducibus
821 3446 1055 3534 magistratibus
1081 3449 1167 3537 regiis

198 3563 310 3649 iisqne,
328 3563 440 3649 quibus
460 3563 594 3628 officium
609 3561 685 3627 illud
700 3563 758 3647 ipsi
773 3559 805 3626 hi
828 3562 1051 3631 commiserint
1081 3566 1166 3630 Hisce

199 3675 365 3742 ridendum
384 3687 503 3741 tantum
523 3687 577 3754 ost,
595 3686 630 3740 ut
646 3674 723 3762 legis
734 3685 894 3760 praecepta
911 3674 945 3741 in
965 3674 1028 3745 hoc
1046 3679 1167 3768 negotio

200 3788 373 3877 peragendo
396 3788 452 3853 rite
472 3788 679 3864 observentur,
700 3809 758 3852 nec
774 3808 869 3873 quam
887 3786 970 3855 circa
987 3791 1067 3858 illud
1087 3814 1166 3858 exer·

200 3916 291 3972 ceant
307 3903 531 3980 auctoritatem,
553 3901 646 3967 ullam
668 3900 782 3967 habeut
798 3898 821 3967 ³.

203 4024 367 4035 --...-
393 4026 396 4030 .

235 4067 243 4101 ¹
262 4068 351 4134 thiat
368 4065 410 4131 71,
428 4069 461 4131 el,
478 4068 494 4117 5
510 4085 562 4131 sqq.
702 4063 713 4097 ¹
730 4064 790 4113 lbid.
808 4063 823 4129 b
840 4060 881 4113 12.

238 4158 312 4209 ’lex
328 4158 358 4207 de
374 4160 443 4208 elect.
462 4157 495 4207 2⁴
512 4160 575 4222 Sept.
594 4155 700 4224 18³1,q
717 4155 729 4204 l
750 4165 774 4204 et
790 4152 814 4204 2.
