2738 4740
755 455 797 518 78

290 636 523 705 Protestantium
537 633 765 700 distinctionem
782 632 903 698 sustulit
919 631 1055 698 edictum
1077 630 1109 702 d.
1127 635 1171 700 26
1186 633 1261 698 Dec.

290 773 318 817 a.
340 752 440 819 tuoe:
463 750 542 836 quin
572 747 675 824 etiam,
704 746 837 811 triennio
861 756 929 832 post
959 745 1012 834 (ll
1039 746 1127 812 lari.
1160 742 1259 829 1812)

291 862 413 928 ludaeis
424 860 599 927 hominibus
613 859 718 947 paullo
733 859 911 924 laustiorem
928 858 1080 924 indultam
1090 858 1172 943 juris
1186 879 1264 924 con-

293 975 440 1041 ditionem
471 972 645 1059 accepimus
665 971 689 1038 ¹.
739 971 881 1059 Denique
907 970 1265 1049 notamus,anni1810

292 1109 399 1153 mense
413 1086 557 1162 Octobri,
577 1082 738 1169 praedialis
765 1084 873 1150 tributi
897 1084 1115 1172 obligationem
1136 1095 1266 1149 cunctos

294 1200 408 1266 civium
435 1198 555 1263 ordines
586 1198 749 1283 complecti
777 1197 912 1283 coepisse
937 1207 1032 1285 atque
1059 1197 1133 1262 alias
1161 1217 1268 1283 graves

294 1313 448 1398 utilesque
470 1311 503 1376 in
529 1309 708 1376 definitione
739 1310 960 1397 exactioneque
987 1310 1186 1396 vectigalium
1217 1331 1267 1373 re-

295 1437 397 1510 ceptas
419 1425 604 1489 mutationes
625 1423 718 1488 luisse
732 1423 758 1488 ².

339 1538 410 1621 Quo
437 1537 531 1624 igitur
559 1548 696 1623 tempore
719 1536 765 1603 sic
794 1535 902 1622 populi
931 1537 965 1600 in
985 1535 1114 1622 gratiam
1137 1533 1269 1620 plurima

265 1658 267 1662 ‘
296 1650 449 1736 sapienter
468 1648 632 1714 emendare
649 1658 755 1736 totque
774 1647 942 1724 beneficiis,
961 1657 1118 1735 tamquam
1138 1646 1269 1711 stimulis

296 1762 465 1848 aptissimis,
480 1761 690 1828 universorum
706 1784 778 1828 mon
789 1761 828 1828 ad
842 1783 927 1827 arma
939 1758 1146 1826 vocandarum
1156 1757 1270 1823 civium

298 1874 414 1940 animos
442 1875 574 1941 excitare
601 1875 759 1942 Borussiae
787 1888 920 1942 rectores
948 1872 1201 1962 aggrederentur,
1230 1869 1270 1935 de

298 1987 488 2054 instituendo
506 1989 611 2054 aetatis
627 1989 845 2056 convenienter
862 1990 968 2054 usibus
988 1985 1093 2073 populi
1110 1983 1273 2049 mandatu-

298 2102 416 2167 riorum
450 2123 578 2188 corpore
611 2102 736 2168 omnino
769 2103 860 2167 etiarn
889 2101 1058 2189 cogitatum
1086 2097 1138 2163 ab'
1162 2095 1273 2159 iisdem

297 2215 508 2293 luisse,nemo
527 2214 665 2281 euneerit
679 2214 735 2302 qui
753 2215 891 2280 miretur.
920 2213 1044 2279 Scilicet
1064 2218 1272 2276 memoratum

298 2327 424 2393 anobis
446 2327 607 2413 populares
634 2329 749 2414 legatos
767 2326 992 2415 magistratibus
1013 2321 1202 2411 adjungendi
1220 2342 1274 2386 oo·

300 2457 412 2502 namen
436 2437 528 2502 unius
541 2438 654 2503 mensis
671 2437 832 2504 intervallo
842 2437 996 2503 notissima
1007 2456 1124 2502 ermrrr
1144 2420 1276 2498 ministri

301 2546 378 2634 regii
398 2561 603 2633 praecesserat
630 2552 756 2636 epistola
774 2550 802 2634 ³,
830 2572 909 2638 qua,
938 2548 1113 2636 deponendi
1139 2544 1277 2612 muneris

300 2659 459 2728 occasione
475 2661 598 2747 scripta,
621 2664 824 2728 certissimum
842 2674 999 2749 tamquam
1016 2658 1167 2727 libertatis
1185 2677 1277 2744 prae·

301 2771 429 2853 sidium,
455 2794 653 2840 communem
680 2776 771 2840 totius
801 2776 908 2861 populi
926 2775 1020 2839 etiam
1050 2783 1147 2859 atque
1184 2770 1279 2834 etism

301 2884 538 2952 commendabat
552 2888 878 2974 repraesentationem:
888 2887 947 2953 bac
966 2886 1049 2952 enim
1065 2884 1219 2962 instituta,
1234 2881 1279 2948 sic

302 2997 429 3065 demum
448 3019 570 3084 sperare
581 2999 692 3082 licere,
706 3009 742 3064 ut
761 3000 861 3064 variae
881 2997 995 3064 civium
1015 2997 1134 3075 classes,
1148 2993 1282 3082 propriis

302 3108 482 3197 posthabitis
493 3111 685 3188 utilitatibus,
702 3113 841 3177 omnium
863 3111 897 3176 in
914 3132 980 3175 rem
999 3110 1157 3196 publicam
1175 3128 1283 3173 amore

302 3220 431 3287 firmiter
453 3220 533 3287 inter
549 3245 582 3288 se
598 3224 862 3310 conjungerentur
871 3223 895 3290 ⁸.
917 3224 1021 3303 Quare
1031 3220 1110 3285 illud
1121 3219 1282 3307 agendum

339 3404 456 3468 ¹lldnau,
474 3407 533 3457 ibid.
546 3419 671 3471 nicanore,
688 3408 749 3457 ibid.
766 3421 847 3470 auus,
865 3426 904 3471 op.
922 3423 943 3455 c.
962 3409 975 3473 p
993 3405 1051 3456 108.

337 3495 350 3529 ¹
367 3499 395 3545 Bt
410 3514 451 3545 rex
472 3499 540 3548 luxui
557 3499 712 3548 incendentes
729 3509 753 3547 et
770 3499 859 3548 multae
875 3499 979 3560 illarum,
995 3514 1056 3561 quae
1073 3497 1102 3545 ad
1121 3498 1211 3546 rictum
1230 3513 1287 3561 per-

306 3590 393 3650 tinent,
411 3592 529 3653 aequabili
547 3592 623 3640 ubivis
637 3598 719 3641 normt
734 3593 823 3641 tributo
841 3601 950 3656 gravatee
966 3592 1072 3641 luerunt.
1107 3591 1170 3640 llori
1186 3606 1287 3654 qnoque

307 3680 398 3742 generis
407 3682 515 3744 vectigali
525 3683 735 3751 (deverbeeteaer)
746 3684 858 3747 originem
869 3682 934 3732 dedit
942 3683 1095 3746 opificialian
1104 3682 1288 3746 privilegiorum

308 3771 428 3832 abrogatio
445 3772 528 3836 (Edict.
546 3773 563 3821 2
580 3774 639 3824 Nor.
660 3774 745 3842 1810).
760 3775 844 3824 Eodem
861 3785 964 3838 ternpore
981 3773 1026 3842 (30
1042 3774 1105 3842 Oet.)
1123 3775 1189 3824 bona
1206 3775 1290 3823 ecole-

309 3861 403 3908 siaetiea
419 3864 508 3924 publici
520 3867 581 3929 jeria
597 3867 660 3915 laeta
673 3868 777 3917 fueruat.
795 3880 918 3928 ermon,
935 3867 993 3917 ibid.
1003 3873 1093 3930 adeso,
1103 3885 1127 3931 p.
1139 3865 1191 3925 983
1203 3881 1290 3936 mus,

309 3951 322 4014 ᾖ
340 3945 401 4011 214,
418 3951 431 4014 §
447 3950 505 4007 227:
526 3958 605 4006 lesio.
626 3960 696 4007 Polit.
717 3960 774 4007 ibid.
795 3978 818 4022 p.
839 3958 882 4021 68,
898 3958 940 4008 69.

349 4037 359 4068 ³
377 4038 455 4088 Leuic.
473 4046 564 4095 Politic.
583 4049 639 4098 ibid.
657 4069 680 4114 p.
698 4048 742 4112 66,
760 4051 802 4099 67.

348 4126 358 4159 ⁸
377 4130 421 4176 rba
443 4133 496 4182 bam
517 4138 602 4188 darani
620 4157 660 4204 an,
683 4142 721 4190 dia
743 4141 912 4203 Diebarneaie,
928 4142 1012 4191 dicim
1029 4143 1104 4191 lolke
1120 4144 1185 4193 Statt
1201 4145 1292 4208 lindet,
