2738 4740
4 4268 73 4448 b
131 4453 134 4459 ,

570 475 572 479 -
625 427 687 494 tes

171 613 284 698 optime
311 609 480 676 necessario
504 607 685 693 inserviant,
716 610 840 697 qualem
868 607 984 676 scilicet
1008 607 1145 675 dicimus

170 726 253 806 libri,
273 745 337 810 quo
359 723 434 788 lines
448 722 584 808 juraque
604 721 840 799 communionis,
861 732 928 787 tum
947 721 1016 809 egri
1037 731 1146 788 caete·

171 860 285 925 rseque
301 837 396 923 ipsius
415 834 551 900 dominio
570 835 789 921 subjectiores
806 834 980 901 immobiles
998 844 1146 900 accurate

171 961 379 1028 recensentur,
401 950 573 1017 tabularum
600 948 693 1018 etiam
710 946 815 1019 domes
835 957 1145 1034 equorumque
1168 1000 1172 1006 .

172 1065 285 1153 singuli
304 1065 423 1130 incolae
444 1061 613 1149 possident,
635 1083 707 1128 eum
726 1058 938 1148 impositorum
956 1060 996 1129 iis
1010 1080 1143 1126 onerum

171 1200 208 1245 ac
238 1177 432 1265 rectigslium
461 1174 684 1262 significatione
713 1173 870 1241 aduersus
907 1170 1142 1249 exhibentium,

171 1290 424 1377 perscriptionem
445 1288 783 1375 conservationemque,
811 1286 871 1355 elis
894 1307 984 1372 porro
1011 1284 1144 1372 hujusce

173 1404 293 1492 generis
318 1402 522 1489 complura1.
565 1402 634 1488 Ipsa
657 1421 730 1466 rere
756 1398 920 1486 municipii
948 1398 1143 1465 administra·

172 1517 257 1582 tionc
274 1516 379 1583 edocti
398 1515 472 1582 socii
492 1515 666 1602 iunguntur
683 1512 827 1580 unisosc
871 1514 943 1593 Quo
967 1512 1067 1600 igitur
1085 1535 1146 1578 no·

173 1629 267 1708 mine,
289 1639 356 1695 tum
376 1627 415 1693 de
441 1627 507 1695 eliis
531 1629 611 1694 bene
633 1627 738 1693 multis
757 1625 923 1693 decernere
943 1625 1053 1704 solent.
1076 1636 1145 1718 tum

172 1742 382 1808 auctoritatem
400 1760 485 1804 suam
496 1741 529 1806 iu
544 1741 630 1805 noris
643 1741 731 1807 sociis
742 1737 922 1827 recipiendis
934 1739 1145 1825 interponere,

172 1853 350 1941 degentium
360 1851 440 1918 intre
456 1851 705 1918 communionem
718 1874 890 1939 pauperum
900 1873 1008 1919 curam
1024 1873 1146 1941 gerere,

172 1975 271 2052 partes
296 1963 443 2051 quasdam
468 1964 501 2029 in
529 1963 738 2033 moderamine
762 1966 807 2031 rei
833 1963 1030 2033 scholasticae
1045 1965 1146 2045 obire,

171 2061 331 2166 vectigalia
346 2078 533 2165 publicaque
549 2076 646 2145 officis
664 2079 747 2145 inter
766 2078 846 2144 cives
862 2077 1016 2166 aequabili
1033 2081 1147 2147 normis

172 2191 387 2271 distribuerel,
406 2190 555 2277 imprimis
573 2202 677 2258 autem
697 2191 741 2257 rei
756 2190 951 2277 pecuniariae
971 2201 1037 2258 tam
1050 2192 1147 2258 totius
1173 2230 1175 2233 ·

172 2303 332 2391 municipii
355 2323 449 2390 quam
467 2303 676 2374 institutarum
695 2303 866 2370 communis
884 2303 1024 2371 utilitatis
1046 2304 1146 2391 pretii

173 2418 402 2484 universitatum
417 2437 453 2481 eo
466 2416 557 2482 modo
574 2418 755 2484 incumbere
772 2418 993 2504 temperationi,
1004 2429 1052 2502 ut,
1068 2406 1147 2507 quos

173 2529 294 2615 proprie
320 2527 379 2593 bac
405 2528 492 2615 fungi
515 2530 726 2597 monuerimus
753 2542 923 2612 curatores,
944 2530 978 2596 hi
1001 2533 1035 2597 iu
1059 2534 1148 2599 omni

171 2642 268 2706 ferme
292 2640 338 2705 sui
367 2641 502 2705 muneris
538 2642 722 2710 exercitione
748 2644 874 2710 illorum
902 2645 995 2711 unice
1023 2645 1149 2731 placitis

172 2752 299 2839 obsequi
318 2762 478 2818 teneantur
497 2754 522 2820 ³.
566 2755 618 2820 Uti
636 2778 708 2836 sero
724 2757 916 2844 magistratus
936 2757 1073 2824 urbanos
1096 2758 1146 2824 in-

172 2865 349 2944 dicarimus,
368 2865 588 2954 quodcumque
601 2868 722 2953 majoris
739 2869 887 2934 momenti
901 2869 1062 2956 negotium
1078 2894 1147 2937 sus

172 2980 318 3065 cipientes
347 2979 481 3045 celsioris
508 2982 621 3048 ordinis
646 2985 870 3068 praelectorum
892 2982 1032 3070 indigere
1056 3006 1148 3051 eom·

171 3091 359 3177 probatione,
373 3091 415 3161 iu
434 3094 618 3159 selectorum
637 3117 708 3159 rure
726 3095 856 3183 collegia
873 3095 978 3161 iisdem
994 3096 1028 3160 in
1043 3098 1150 3165 causis

168 3206 311 3291 judicum
342 3216 394 3270 aut
415 3207 563 3272 ruralium
587 3220 640 3274 aut
665 3207 883 3294 toparchelium
913 3208 1056 3276 obstricta
1090 3209 1148 3278 ha·

172 3321 283 3384 bentur
304 3321 485 3383 auctoritate
496 3319 520 3385 1.

175 3488 388 3501 ιι*-

206 3581 308 3631 ¹Eeicr.
332 3580 362 3629 de
377 3596 442 3628 mnu.
462 3587 537 3626 const.
559 3578 656 3627 etadrn.
678 3578 696 3626 1.
711 3595 733 3627 c.
750 3579 764 3645 p
779 3578 835 3627 100.
870 3581 904 3626 Ct.
921 3589 998 3627 tarsen
1018 3579 1093 3630 edict.
1118 3585 1149 3633 ‹le

167 3673 252 3736 jurisd.
271 3672 362 3740 patr.§
382 3670 440 3735 103,
455 3670 488 3719 sl.
506 3669 531 3719 2.

205 3767 216 3800 ¹
232 3767 307 3817 Ediot.
324 3766 353 3814 os
368 3783 432 3814 mun.
450 3774 564 3814 constet
579 3764 640 3813 adm.
655 3764 673 3834 d,
684 3762 742 3826 101,
760 3764 816 3815 coll.
834 3763 1034 3827 edictdejurisd.
1048 3769 1149 3830 partim

172 3861 200 3928 §§
214 3858 259 3922 21,
274 3859 315 3922 73,
338 3858 398 3908 105.

206 3952 309 4003 ³Edict.
329 3952 357 4000 de
374 3969 437 4000 mun.
455 3960 530 3999 coust.
548 3960 571 3997 et
586 3949 647 3998 adm.
667 3950 681 4016 p
704 3948 761 4014 102,
783 3950 839 3999 coll.
858 3949 928 3999 edict.
945 3949 973 3998 de
991 3953 1081 4014 J'urisd.
1105 3973 1150 4019 ps-

171 4045 232 4093 sea.
249 4043 285 4110 so
301 4025 430 4092 osi-seo.

205 4135 215 4168 ⁸
232 4136 305 4186 Edict.
325 4135 354 4184 de
370 4151 433 4183 rnrrn.
448 4144 523 4185 const.
543 4145 565 4183 st
581 4135 641 4184 adn.
657 4136 681 4182 Τ.
700 4134 723 4181 ll.
738 4133 766 4199 sip
784 4132 924 4183 129-131.
