<?xml version="1.0" encoding="UTF-8"?>
<!DOCTYPE html PUBLIC "-//W3C//DTD XHTML 1.0 Transitional//EN"
    "http://www.w3.org/TR/xhtml1/DTD/xhtml1-transitional.dtd">
<html xmlns="http://www.w3.org/1999/xhtml" xml:lang="en" lang="en">
 <head>
  <title>
</title>
<meta http-equiv="Content-Type" content="text/html;charset=utf-8" />
  <meta name='ocr-system' content='tesseract 3.04.00' />
  <meta name='ocr-capabilities' content='ocr_page ocr_carea ocr_par ocr_line ocrx_word'/>
</head>
<body>
  <div class='ocr_page' id='page_1' title='image "./specimenjurispu00backgoog_0195.png"; bbox 0 0 2738 4740; ppageno 0'>
   <div class='ocr_carea' id='block_1_1' title="bbox 651 411 712 475">
    <p class='ocr_par' dir='ltr' id='par_1_1' title="bbox 651 411 712 475">
     <span class='ocr_line' id='line_1_1' title="bbox 651 411 712 475; baseline 0.098 -6"><span class='ocrx_word' id='word_1_1' title='bbox 651 411 712 475; x_wconf 77' lang='lat'><strong>170</strong></span> 
     </span>
    </p>
   </div>
   <div class='ocr_carea' id='block_1_2' title="bbox 192 591 1169 3849">
    <p class='ocr_par' dir='ltr' id='par_1_2' title="bbox 192 591 1169 3371">
     <span class='ocr_line' id='line_1_2' title="bbox 195 591 1168 680; baseline 0 -21"><span class='ocrx_word' id='word_1_2' title='bbox 195 598 273 660; x_wconf 88' lang='lat' dir='ltr'><strong>Tum</strong></span> <span class='ocrx_word' id='word_1_3' title='bbox 299 615 417 680; x_wconf 78' lang='lat' dir='ltr'><strong>praeses</strong></span> <span class='ocrx_word' id='word_1_4' title='bbox 438 592 593 658; x_wconf 87' lang='lat' dir='ltr'><strong>districtus</strong></span> <span class='ocrx_word' id='word_1_5' title='bbox 613 593 780 678; x_wconf 87' lang='lat' dir='ltr'><strong>aperiendis</strong></span> <span class='ocrx_word' id='word_1_6' title='bbox 800 591 1017 679; x_wconf 83' lang='lat' dir='ltr'><strong>suffragiorum</strong></span> <span class='ocrx_word' id='word_1_7' title='bbox 1045 593 1168 659; x_wconf 83' lang='lat' dir='ltr'><strong>tabellis</strong></span> 
     </span>
     <span class='ocr_line' id='line_1_3' title="bbox 195 705 1168 792; baseline 0.001 -20"><span class='ocrx_word' id='word_1_8' title='bbox 195 707 276 772; x_wconf 90' lang='lat' dir='ltr'><strong>diem</strong></span> <span class='ocrx_word' id='word_1_9' title='bbox 288 707 444 772; x_wconf 87' lang='lat' dir='ltr'><strong>constituit</strong></span> <span class='ocrx_word' id='word_1_10' title='bbox 461 728 508 788; x_wconf 83' lang='lat' dir='ltr'><strong>oc,</strong></span> <span class='ocrx_word' id='word_1_11' title='bbox 520 706 659 792; x_wconf 91' lang='lat' dir='ltr'><strong>quinque</strong></span> <span class='ocrx_word' id='word_1_12' title='bbox 676 706 733 770; x_wconf 90' lang='lat' dir='ltr'><strong>sibi</strong></span> <span class='ocrx_word' id='word_1_13' title='bbox 749 705 869 772; x_wconf 76' lang='lat' dir='ltr'><strong>adscitis</strong></span> <span class='ocrx_word' id='word_1_14' title='bbox 879 705 994 770; x_wconf 75' lang='lat' dir='ltr'>ordinis</span> <span class='ocrx_word' id='word_1_15' title='bbox 1010 706 1168 773; x_wconf 81' lang='lat' dir='ltr'><strong>nobilium</strong></span> 
     </span>
     <span class='ocr_line' id='line_1_4' title="bbox 195 816 1168 905; baseline 0.001 -21"><span class='ocrx_word' id='word_1_16' title='bbox 195 819 283 884; x_wconf 92' lang='lat' dir='ltr'><strong>sociis</strong></span> <span class='ocrx_word' id='word_1_17' title='bbox 299 818 436 903; x_wconf 82' lang='lat' dir='ltr'>proxime</span> <span class='ocrx_word' id='word_1_18' title='bbox 456 818 654 905; x_wconf 76' lang='lat' dir='ltr'><strong>degentibus,</strong></span> <span class='ocrx_word' id='word_1_19' title='bbox 673 840 777 883; x_wconf 86' lang='lat' dir='ltr'><strong>coram</strong></span> <span class='ocrx_word' id='word_1_20' title='bbox 795 816 843 881; x_wconf 88' lang='lat' dir='ltr'><strong>bis</strong></span> <span class='ocrx_word' id='word_1_21' title='bbox 862 840 920 883; x_wconf 89' lang='lat' dir='ltr'><strong>nec</strong></span> <span class='ocrx_word' id='word_1_22' title='bbox 938 840 999 882; x_wconf 93' lang='lat' dir='ltr'><strong>non</strong></span> <span class='ocrx_word' id='word_1_23' title='bbox 1014 820 1168 885; x_wconf 86' lang='lat' dir='ltr'><strong>ambobus</strong></span> 
     </span>
     <span class='ocr_line' id='line_1_5' title="bbox 196 929 1167 1020; baseline 0 -24"><span class='ocrx_word' id='word_1_24' title='bbox 196 930 422 1018; x_wconf 75' lang='lat' dir='ltr'><strong>gubernationis</strong></span> <span class='ocrx_word' id='word_1_25' title='bbox 438 930 677 996; x_wconf 79' lang='lat' dir='ltr'><strong>moderatoribus</strong></span> <span class='ocrx_word' id='word_1_26' title='bbox 694 930 887 1018; x_wconf 88' lang='lat' dir='ltr'><strong>(Dircctoren</strong></span> <span class='ocrx_word' id='word_1_27' title='bbox 902 929 956 994; x_wconf 86' lang='lat' dir='ltr'><strong>der</strong></span> <span class='ocrx_word' id='word_1_28' title='bbox 970 931 1167 1020; x_wconf 82' lang='lat' dir='ltr'><strong>Regiorung)</strong></span> 
     </span>
     <span class='ocr_line' id='line_1_6' title="bbox 195 1042 1168 1131; baseline 0.001 -21"><span class='ocrx_word' id='word_1_29' title='bbox 195 1066 321 1131; x_wconf 87' lang='lat' dir='ltr'><strong>unoque</strong></span> <span class='ocrx_word' id='word_1_30' title='bbox 339 1042 528 1130; x_wconf 89' lang='lat' dir='ltr'><strong>graphiario,</strong></span> <span class='ocrx_word' id='word_1_31' title='bbox 552 1065 676 1129; x_wconf 91' lang='lat' dir='ltr'><strong>operam</strong></span> <span class='ocrx_word' id='word_1_32' title='bbox 700 1044 764 1129; x_wconf 89' lang='lat' dir='ltr'><strong>ipsc</strong></span> <span class='ocrx_word' id='word_1_33' title='bbox 790 1042 901 1107; x_wconf 86' lang='lat' dir='ltr'><strong>deinde</strong></span> <span class='ocrx_word' id='word_1_34' title='bbox 929 1064 1041 1108; x_wconf 81' lang='lat' dir='ltr'><strong>navare</strong></span> <span class='ocrx_word' id='word_1_35' title='bbox 1064 1045 1168 1111; x_wconf 89' lang='lat' dir='ltr'><strong>officio</strong></span> 
     </span>
     <span class='ocr_line' id='line_1_7' title="bbox 195 1155 1167 1243; baseline 0.003 -23"><span class='ocrx_word' id='word_1_36' title='bbox 195 1159 244 1221; x_wconf 90' lang='lat' dir='ltr'><strong>isti</strong></span> <span class='ocrx_word' id='word_1_37' title='bbox 268 1155 453 1243; x_wconf 90' lang='lat' dir='ltr'><strong>perficiendo</strong></span> <span class='ocrx_word' id='word_1_38' title='bbox 472 1167 602 1222; x_wconf 85' lang='lat' dir='ltr'><strong>tenetur.</strong></span> <span class='ocrx_word' id='word_1_39' title='bbox 647 1156 683 1220; x_wconf 94' lang='lat' dir='ltr'><strong>ln</strong></span> <span class='ocrx_word' id='word_1_40' title='bbox 702 1177 764 1242; x_wconf 91' lang='lat' dir='ltr'><strong>qua</strong></span> <span class='ocrx_word' id='word_1_41' title='bbox 785 1177 819 1219; x_wconf 86' lang='lat' dir='ltr'><strong>re</strong></span> <span class='ocrx_word' id='word_1_42' title='bbox 840 1156 884 1220; x_wconf 90' lang='lat' dir='ltr'><strong>sic</strong></span> <span class='ocrx_word' id='word_1_43' title='bbox 902 1155 1086 1220; x_wconf 82' lang='lat' dir='ltr'><strong>versandum</strong></span> <span class='ocrx_word' id='word_1_44' title='bbox 1101 1180 1167 1223; x_wconf 87' lang='lat' dir='ltr'><strong>esse</strong></span> 
     </span>
     <span class='ocr_line' id='line_1_8' title="bbox 196 1267 1167 1358; baseline 0.001 -24"><span class='ocrx_word' id='word_1_45' title='bbox 196 1272 265 1358; x_wconf 86' lang='lat' dir='ltr'><strong>lege</strong></span> <span class='ocrx_word' id='word_1_46' title='bbox 281 1269 472 1348; x_wconf 83' lang='lat' dir='ltr'><strong>decernitur,</strong></span> <span class='ocrx_word' id='word_1_47' title='bbox 488 1281 532 1348; x_wconf 93' lang='lat' dir='ltr'><strong>ut,</strong></span> <span class='ocrx_word' id='word_1_48' title='bbox 555 1269 682 1357; x_wconf 90' lang='lat' dir='ltr'><strong>singulis</strong></span> <span class='ocrx_word' id='word_1_49' title='bbox 703 1269 846 1353; x_wconf 80' lang='lat' dir='ltr'><strong>deinceps</strong></span> <span class='ocrx_word' id='word_1_50' title='bbox 869 1267 1026 1356; x_wconf 89' lang='lat' dir='ltr'><strong>resignatis</strong></span> <span class='ocrx_word' id='word_1_51' title='bbox 1047 1270 1167 1335; x_wconf 86' lang='lat' dir='ltr'><strong>tabellis</strong></span> 
     </span>
     <span class='ocr_line' id='line_1_9' title="bbox 195 1380 1166 1470; baseline 0.001 -23"><span class='ocrx_word' id='word_1_52' title='bbox 195 1385 360 1469; x_wconf 88' lang='lat' dir='ltr'><strong>palamque</strong></span> <span class='ocrx_word' id='word_1_53' title='bbox 381 1382 531 1470; x_wconf 81' lang='lat' dir='ltr'><strong>suffragiis</strong></span> <span class='ocrx_word' id='word_1_54' title='bbox 557 1382 775 1467; x_wconf 86' lang='lat' dir='ltr'><strong>pronuntiatis,</strong></span> <span class='ocrx_word' id='word_1_55' title='bbox 802 1381 938 1468; x_wconf 78' lang='lat' dir='ltr'><strong>symbola</strong></span> <span class='ocrx_word' id='word_1_56' title='bbox 965 1380 1093 1466; x_wconf 90' lang='lat' dir='ltr'><strong>quidem</strong></span> <span class='ocrx_word' id='word_1_57' title='bbox 1115 1405 1166 1448; x_wconf 88' lang='lat' dir='ltr'><strong>re·</strong></span> 
     </span>
     <span class='ocr_line' id='line_1_10' title="bbox 196 1494 1167 1578; baseline 0 -18"><span class='ocrx_word' id='word_1_58' title='bbox 196 1494 282 1560; x_wconf 89' lang='lat' dir='ltr'><strong>citari</strong></span> <span class='ocrx_word' id='word_1_59' title='bbox 304 1506 335 1559; x_wconf 90' lang='lat' dir='ltr'><strong>at</strong></span> <span class='ocrx_word' id='word_1_60' title='bbox 356 1494 449 1560; x_wconf 88' lang='lat' dir='ltr'><strong>taceri</strong></span> <span class='ocrx_word' id='word_1_61' title='bbox 470 1496 638 1560; x_wconf 88' lang='lat' dir='ltr'><strong>electorum</strong></span> <span class='ocrx_word' id='word_1_62' title='bbox 660 1494 783 1559; x_wconf 92' lang='lat' dir='ltr'><strong>nomina</strong></span> <span class='ocrx_word' id='word_1_63' title='bbox 809 1503 962 1578; x_wconf 88' lang='lat' dir='ltr'><strong>oporteat;</strong></span> <span class='ocrx_word' id='word_1_64' title='bbox 987 1504 1054 1558; x_wconf 92' lang='lat' dir='ltr'><strong>tom</strong></span> <span class='ocrx_word' id='word_1_65' title='bbox 1076 1518 1167 1573; x_wconf 79' lang='lat' dir='ltr'><strong>vero,</strong></span> 
     </span>
     <span class='ocr_line' id='line_1_11' title="bbox 196 1604 1168 1694; baseline -0.002 -22"><span class='ocrx_word' id='word_1_66' title='bbox 196 1607 316 1672; x_wconf 87' lang='lat' dir='ltr'><strong>cunctis</strong></span> <span class='ocrx_word' id='word_1_67' title='bbox 332 1606 483 1694; x_wconf 83' lang='lat' dir='ltr'><strong>suffragiis</strong></span> <span class='ocrx_word' id='word_1_68' title='bbox 501 1607 534 1670; x_wconf 91' lang='lat' dir='ltr'><strong>in</strong></span> <span class='ocrx_word' id='word_1_69' title='bbox 552 1607 669 1672; x_wconf 85' lang='lat' dir='ltr'><strong>tabulas</strong></span> <span class='ocrx_word' id='word_1_70' title='bbox 686 1606 870 1672; x_wconf 85' lang='lat' dir='ltr'><strong>electionum</strong></span> <span class='ocrx_word' id='word_1_71' title='bbox 892 1604 1168 1694; x_wconf 80' lang='lat' dir='ltr'><strong>(Wahlprotoooll)</strong></span> 
     </span>
     <span class='ocr_line' id='line_1_12' title="bbox 196 1719 1168 1807; baseline 0.003 -23"><span class='ocrx_word' id='word_1_72' title='bbox 196 1722 330 1798; x_wconf 90' lang='lat' dir='ltr'><strong>insertis,</strong></span> <span class='ocrx_word' id='word_1_73' title='bbox 353 1721 454 1784; x_wconf 91' lang='lat' dir='ltr'><strong>statim</strong></span> <span class='ocrx_word' id='word_1_74' title='bbox 479 1730 647 1785; x_wconf 78' lang='lat' dir='ltr'><strong>transeatur</strong></span> <span class='ocrx_word' id='word_1_75' title='bbox 674 1719 712 1784; x_wconf 95' lang='lat' dir='ltr'><strong>ad</strong></span> <span class='ocrx_word' id='word_1_76' title='bbox 732 1721 903 1807; x_wconf 85' lang='lat' dir='ltr'><strong>legatorum</strong></span> <span class='ocrx_word' id='word_1_77' title='bbox 921 1719 1168 1807; x_wconf 84' lang='lat' dir='ltr'><strong>designationem</strong></span> 
     </span>
     <span class='ocr_line' id='line_1_13' title="bbox 196 1831 1169 1921; baseline 0.002 -24"><span class='ocrx_word' id='word_1_78' title='bbox 196 1857 214 1897; x_wconf 87' lang='lat' dir='ltr'><strong>e</strong></span> <span class='ocrx_word' id='word_1_79' title='bbox 231 1832 339 1916; x_wconf 89' lang='lat' dir='ltr'><strong>majori</strong></span> <span class='ocrx_word' id='word_1_80' title='bbox 353 1833 544 1897; x_wconf 90' lang='lat' dir='ltr'><strong>calculorum</strong></span> <span class='ocrx_word' id='word_1_81' title='bbox 556 1854 684 1897; x_wconf 92' lang='lat' dir='ltr'><strong>numero</strong></span> <span class='ocrx_word' id='word_1_82' title='bbox 699 1832 921 1919; x_wconf 82' lang='lat' dir='ltr'><strong>colligendam3</strong></span> <span class='ocrx_word' id='word_1_83' title='bbox 940 1833 1014 1897; x_wconf 89' lang='lat' dir='ltr'><strong>actis</strong></span> <span class='ocrx_word' id='word_1_84' title='bbox 1029 1831 1169 1921; x_wconf 86' lang='lat' dir='ltr'><strong>denique</strong></span> 
     </span>
     <span class='ocr_line' id='line_1_14' title="bbox 195 1943 1166 2031; baseline 0 -22"><span class='ocrx_word' id='word_1_85' title='bbox 195 1944 344 2022; x_wconf 84' lang='lat' dir='ltr'><strong>universi,</strong></span> <span class='ocrx_word' id='word_1_86' title='bbox 375 1945 431 2031; x_wconf 91' lang='lat' dir='ltr'><strong>qui</strong></span> <span class='ocrx_word' id='word_1_87' title='bbox 455 1943 577 2028; x_wconf 88' lang='lat' dir='ltr'><strong>adsunt,</strong></span> <span class='ocrx_word' id='word_1_88' title='bbox 599 1944 801 2024; x_wconf 87' lang='lat' dir='ltr'><strong>subscribant,</strong></span> <span class='ocrx_word' id='word_1_89' title='bbox 817 1944 875 2009; x_wconf 89' lang='lat' dir='ltr'><strong>nisi</strong></span> <span class='ocrx_word' id='word_1_90' title='bbox 893 1945 948 2030; x_wconf 91' lang='lat' dir='ltr'><strong>qui</strong></span> <span class='ocrx_word' id='word_1_91' title='bbox 965 1944 1090 2009; x_wconf 88' lang='lat' dir='ltr'><strong>illomm</strong></span> <span class='ocrx_word' id='word_1_92' title='bbox 1108 1947 1166 2031; x_wconf 89' lang='lat' dir='ltr'><strong>ipsi</strong></span> 
     </span>
     <span class='ocr_line' id='line_1_15' title="bbox 194 2055 1168 2145; baseline 0.004 -25"><span class='ocrx_word' id='word_1_93' title='bbox 194 2057 308 2122; x_wconf 83' lang='lat' dir='ltr'><strong>luerint</strong></span> <span class='ocrx_word' id='word_1_94' title='bbox 333 2057 426 2145; x_wconf 88' lang='lat' dir='ltr'><strong>legati</strong></span> <span class='ocrx_word' id='word_1_95' title='bbox 453 2057 608 2122; x_wconf 85' lang='lat' dir='ltr'><strong>constituti</strong></span> <span class='ocrx_word' id='word_1_96' title='bbox 628 2057 651 2123; x_wconf 88' lang='lat'><strong>¹.</strong></span> <span class='ocrx_word' id='word_1_97' title='bbox 703 2056 735 2121; x_wconf 89' lang='lat' dir='ltr'><strong>Si</strong></span> <span class='ocrx_word' id='word_1_98' title='bbox 760 2079 815 2141; x_wconf 88' lang='lat' dir='ltr'><strong>par</strong></span> <span class='ocrx_word' id='word_1_99' title='bbox 843 2055 1026 2142; x_wconf 82' lang='lat' dir='ltr'><strong>quibusdem</strong></span> <span class='ocrx_word' id='word_1_100' title='bbox 1051 2057 1168 2124; x_wconf 82' lang='lat' dir='ltr'><strong>suffra-</strong></span> 
     </span>
     <span class='ocr_line' id='line_1_16' title="bbox 196 2168 1167 2259; baseline -0.001 -22"><span class='ocrx_word' id='word_1_101' title='bbox 196 2173 316 2259; x_wconf 89' lang='lat' dir='ltr'><strong>giorum</strong></span> <span class='ocrx_word' id='word_1_102' title='bbox 331 2193 478 2237; x_wconf 86' lang='lat' dir='ltr'><strong>numerus</strong></span> <span class='ocrx_word' id='word_1_103' title='bbox 495 2171 648 2259; x_wconf 87' lang='lat' dir='ltr'><strong>obtigerit,</strong></span> <span class='ocrx_word' id='word_1_104' title='bbox 663 2170 817 2235; x_wconf 80' lang='lat' dir='ltr'><strong>advocatis</strong></span> <span class='ocrx_word' id='word_1_105' title='bbox 833 2169 870 2234; x_wconf 90' lang='lat' dir='ltr'><strong>ad</strong></span> <span class='ocrx_word' id='word_1_106' title='bbox 889 2168 973 2235; x_wconf 93' lang='lat' dir='ltr'><strong>hunc</strong></span> <span class='ocrx_word' id='word_1_107' title='bbox 989 2192 1167 2236; x_wconf 90' lang='lat' dir='ltr'><strong>consessum</strong></span> 
     </span>
     <span class='ocr_line' id='line_1_17' title="bbox 196 2281 1168 2367; baseline 0.002 -20"><span class='ocrx_word' id='word_1_108' title='bbox 196 2284 310 2347; x_wconf 90' lang='lat' dir='ltr'><strong>ordinis</strong></span> <span class='ocrx_word' id='word_1_109' title='bbox 337 2285 488 2348; x_wconf 91' lang='lat' dir='ltr'><strong>nobilium</strong></span> <span class='ocrx_word' id='word_1_110' title='bbox 520 2283 607 2349; x_wconf 86' lang='lat' dir='ltr'><strong>sociis</strong></span> <span class='ocrx_word' id='word_1_111' title='bbox 638 2282 790 2347; x_wconf 91' lang='lat' dir='ltr'><strong>tollendae</strong></span> <span class='ocrx_word' id='word_1_112' title='bbox 821 2281 950 2367; x_wconf 87' lang='lat' dir='ltr'><strong>hujusce</strong></span> <span class='ocrx_word' id='word_1_113' title='bbox 979 2281 1168 2349; x_wconf 89' lang='lat' dir='ltr'><strong>difficultatis</strong></span> 
     </span>
     <span class='ocr_line' id='line_1_18' title="bbox 194 2397 1168 2483; baseline 0.005 -23"><span class='ocrx_word' id='word_1_114' title='bbox 194 2397 334 2460; x_wconf 89' lang='lat' dir='ltr'><strong>alborum</strong></span> <span class='ocrx_word' id='word_1_115' title='bbox 355 2397 578 2483; x_wconf 89' lang='lat' dir='ltr'><strong>nigrorumque</strong></span> <span class='ocrx_word' id='word_1_116' title='bbox 595 2397 791 2482; x_wconf 89' lang='lat' dir='ltr'><strong>globulorum</strong></span> <span class='ocrx_word' id='word_1_117' title='bbox 811 2397 1002 2479; x_wconf 86' lang='lat' dir='ltr'><strong>conjectione</strong></span> <span class='ocrx_word' id='word_1_118' title='bbox 1018 2408 1168 2483; x_wconf 81' lang='lat' dir='ltr'><strong>protenus</strong></span> 
     </span>
     <span class='ocr_line' id='line_1_19' title="bbox 193 2506 1168 2596; baseline 0.003 -25"><span class='ocrx_word' id='word_1_119' title='bbox 193 2506 348 2571; x_wconf 91' lang='lat' dir='ltr'><strong>incumbit</strong></span> <span class='ocrx_word' id='word_1_120' title='bbox 376 2506 519 2572; x_wconf 90' lang='lat' dir='ltr'><strong>officium.</strong></span> <span class='ocrx_word' id='word_1_121' title='bbox 573 2507 662 2589; x_wconf 88' lang='lat' dir='ltr'><strong>Quod</strong></span> <span class='ocrx_word' id='word_1_122' title='bbox 688 2519 898 2592; x_wconf 87' lang='lat' dir='ltr'><strong>pracceptum,</strong></span> <span class='ocrx_word' id='word_1_123' title='bbox 922 2510 967 2571; x_wconf 91' lang='lat' dir='ltr'><strong>uti</strong></span> <span class='ocrx_word' id='word_1_124' title='bbox 991 2508 1168 2596; x_wconf 86' lang='lat' dir='ltr'><strong>designatos</strong></span> 
     </span>
     <span class='ocr_line' id='line_1_20' title="bbox 194 2618 1167 2709; baseline 0.006 -26"><span class='ocrx_word' id='word_1_125' title='bbox 194 2618 395 2685; x_wconf 86' lang='lat' dir='ltr'><strong>mandatarios</strong></span> <span class='ocrx_word' id='word_1_126' title='bbox 414 2619 546 2703; x_wconf 87' lang='lat' dir='ltr'><strong>respicit,</strong></span> <span class='ocrx_word' id='word_1_127' title='bbox 559 2620 602 2685; x_wconf 93' lang='lat' dir='ltr'><strong>sic</strong></span> <span class='ocrx_word' id='word_1_128' title='bbox 622 2619 660 2684; x_wconf 92' lang='lat' dir='ltr'><strong>ad</strong></span> <span class='ocrx_word' id='word_1_129' title='bbox 679 2621 798 2685; x_wconf 81' lang='lat' dir='ltr'><strong>futuros</strong></span> <span class='ocrx_word' id='word_1_130' title='bbox 815 2622 906 2686; x_wconf 88' lang='lat' dir='ltr'><strong>etiam</strong></span> <span class='ocrx_word' id='word_1_131' title='bbox 918 2644 953 2686; x_wconf 81' lang='lat' dir='ltr'><strong>er</strong></span> <span class='ocrx_word' id='word_1_132' title='bbox 965 2622 1040 2709; x_wconf 90' lang='lat' dir='ltr'><strong>legis</strong></span> <span class='ocrx_word' id='word_1_133' title='bbox 1051 2625 1167 2709; x_wconf 90' lang='lat' dir='ltr'><strong>placito</strong></span> 
     </span>
     <span class='ocr_line' id='line_1_21' title="bbox 192 2731 1166 2821; baseline 0.008 -27"><span class='ocrx_word' id='word_1_134' title='bbox 192 2732 319 2798; x_wconf 79' lang='lat' dir='ltr'><strong>vicarios</strong></span> <span class='ocrx_word' id='word_1_135' title='bbox 339 2731 475 2818; x_wconf 86' lang='lat' dir='ltr'><strong>ipsorum</strong></span> <span class='ocrx_word' id='word_1_136' title='bbox 495 2745 670 2818; x_wconf 88' lang='lat' dir='ltr'><strong>porrectum</strong></span> <span class='ocrx_word' id='word_1_137' title='bbox 692 2745 754 2816; x_wconf 80' lang='lat' dir='ltr'><strong>est3</strong></span> <span class='ocrx_word' id='word_1_138' title='bbox 779 2746 964 2821; x_wconf 88' lang='lat' dir='ltr'><strong>quapropter</strong></span> <span class='ocrx_word' id='word_1_139' title='bbox 991 2736 1025 2799; x_wconf 94' lang='lat' dir='ltr'><strong>in</strong></span> <span class='ocrx_word' id='word_1_140' title='bbox 1054 2737 1166 2802; x_wconf 87' lang='lat' dir='ltr'><strong>tabulis</strong></span> 
     </span>
     <span class='ocr_line' id='line_1_22' title="bbox 193 2848 1167 2936; baseline 0.002 -23"><span class='ocrx_word' id='word_1_141' title='bbox 193 2850 342 2914; x_wconf 89' lang='lat' dir='ltr'><strong>laetarum</strong></span> <span class='ocrx_word' id='word_1_142' title='bbox 363 2848 547 2914; x_wconf 88' lang='lat' dir='ltr'><strong>electionum</strong></span> <span class='ocrx_word' id='word_1_143' title='bbox 575 2850 643 2914; x_wconf 93' lang='lat' dir='ltr'><strong>illos</strong></span> <span class='ocrx_word' id='word_1_144' title='bbox 669 2871 796 2936; x_wconf 91' lang='lat' dir='ltr'><strong>quoque</strong></span> <span class='ocrx_word' id='word_1_145' title='bbox 816 2861 961 2916; x_wconf 89' lang='lat' dir='ltr'><strong>accurate</strong></span> <span class='ocrx_word' id='word_1_146' title='bbox 983 2848 1115 2916; x_wconf 87' lang='lat' dir='ltr'><strong>adscribi</strong></span> <span class='ocrx_word' id='word_1_147' title='bbox 1134 2861 1167 2915; x_wconf 92' lang='lat' dir='ltr'><strong>et</strong></span> 
     </span>
     <span class='ocr_line' id='line_1_23' title="bbox 193 2961 1167 3050; baseline 0.006 -26"><span class='ocrx_word' id='word_1_148' title='bbox 193 2961 358 3026; x_wconf 82' lang='lat' dir='ltr'><strong>intersere</strong></span> <span class='ocrx_word' id='word_1_149' title='bbox 386 2962 518 3026; x_wconf 81' lang='lat' dir='ltr'><strong>conferri</strong></span> <span class='ocrx_word' id='word_1_150' title='bbox 544 2973 680 3049; x_wconf 88' lang='lat' dir='ltr'><strong>oportet,</strong></span> <span class='ocrx_word' id='word_1_151' title='bbox 711 2964 766 3048; x_wconf 91' lang='lat' dir='ltr'><strong>qui</strong></span> <span class='ocrx_word' id='word_1_152' title='bbox 794 2964 940 3029; x_wconf 88' lang='lat' dir='ltr'><strong>secundas</strong></span> <span class='ocrx_word' id='word_1_153' title='bbox 961 2965 1044 3028; x_wconf 84' lang='lat' dir='ltr'><strong>velut</strong></span> <span class='ocrx_word' id='word_1_154' title='bbox 1063 2974 1167 3050; x_wconf 77' lang='lat' dir='ltr'><strong>partes</strong></span> 
     </span>
     <span class='ocr_line' id='line_1_24' title="bbox 192 3074 1167 3163; baseline 0.005 -24"><span class='ocrx_word' id='word_1_155' title='bbox 192 3074 225 3139; x_wconf 91' lang='lat' dir='ltr'><strong>in</strong></span> <span class='ocrx_word' id='word_1_156' title='bbox 247 3075 460 3163; x_wconf 83' lang='lat' dir='ltr'><strong>suffragiorum</strong></span> <span class='ocrx_word' id='word_1_157' title='bbox 485 3075 599 3140; x_wconf 92' lang='lat' dir='ltr'><strong>latione</strong></span> <span class='ocrx_word' id='word_1_158' title='bbox 626 3079 781 3142; x_wconf 92' lang='lat' dir='ltr'><strong>consecuti</strong></span> <span class='ocrx_word' id='word_1_159' title='bbox 806 3078 876 3144; x_wconf 89' lang='lat' dir='ltr'><strong>sint.</strong></span> <span class='ocrx_word' id='word_1_160' title='bbox 927 3077 1018 3159; x_wconf 86' lang='lat' dir='ltr'><strong>Quod</strong></span> <span class='ocrx_word' id='word_1_161' title='bbox 1044 3077 1167 3144; x_wconf 89' lang='lat' dir='ltr'><strong>nonde</strong></span> 
     </span>
     <span class='ocr_line' id='line_1_25' title="bbox 193 3185 1164 3277; baseline 0.007 -27"><span class='ocrx_word' id='word_1_162' title='bbox 193 3185 285 3269; x_wconf 87' lang='lat' dir='ltr'><strong>hujus</strong></span> <span class='ocrx_word' id='word_1_163' title='bbox 298 3197 417 3251; x_wconf 89' lang='lat' dir='ltr'><strong>tantum</strong></span> <span class='ocrx_word' id='word_1_164' title='bbox 438 3187 489 3251; x_wconf 88' lang='lat' dir='ltr'><strong>sed</strong></span> <span class='ocrx_word' id='word_1_165' title='bbox 510 3186 548 3252; x_wconf 94' lang='lat' dir='ltr'><strong>de</strong></span> <span class='ocrx_word' id='word_1_166' title='bbox 565 3200 747 3254; x_wconf 89' lang='lat' dir='ltr'><strong>cunctorum</strong></span> <span class='ocrx_word' id='word_1_167' title='bbox 757 3212 911 3277; x_wconf 91' lang='lat' dir='ltr'><strong>peraeque</strong></span> <span class='ocrx_word' id='word_1_168' title='bbox 921 3191 1065 3254; x_wconf 88' lang='lat' dir='ltr'><strong>ordinum</strong></span> <span class='ocrx_word' id='word_1_169' title='bbox 1081 3193 1164 3257; x_wconf 89' lang='lat' dir='ltr'><strong>eleo·</strong></span> 
     </span>
     <span class='ocr_line' id='line_1_26' title="bbox 192 3300 779 3371; baseline 0.014 -8"><span class='ocrx_word' id='word_1_170' title='bbox 192 3300 325 3364; x_wconf 89' lang='lat' dir='ltr'><strong>tionibus</strong></span> <span class='ocrx_word' id='word_1_171' title='bbox 345 3301 590 3366; x_wconf 85' lang='lat' dir='ltr'><strong>animadversum</strong></span> <span class='ocrx_word' id='word_1_172' title='bbox 608 3303 736 3367; x_wconf 80' lang='lat' dir='ltr'><strong>velimus</strong></span> <span class='ocrx_word' id='word_1_173' title='bbox 755 3303 779 3371; x_wconf 79' lang='lat'><strong>².</strong></span> 
     </span>
    </p>

    <p class='ocr_par' dir='ltr' id='par_1_3' title="bbox 192 3393 1167 3849">
     <span class='ocr_line' id='line_1_27' title="bbox 235 3393 1166 3505; baseline 0.014 -29"><span class='ocrx_word' id='word_1_174' title='bbox 235 3414 326 3478; x_wconf 85' lang='lat' dir='ltr'><strong>Hisce</strong></span> <span class='ocrx_word' id='word_1_175' title='bbox 342 3413 437 3501; x_wconf 88' lang='lat' dir='ltr'><strong>igitur</strong></span> <span class='ocrx_word' id='word_1_176' title='bbox 453 3416 589 3502; x_wconf 91' lang='lat' dir='ltr'><strong>legitime</strong></span> <span class='ocrx_word' id='word_1_177' title='bbox 605 3420 748 3502; x_wconf 86' lang='lat' dir='ltr'><strong>peractis,</strong></span> <span class='ocrx_word' id='word_1_178' title='bbox 773 3393 836 3505; x_wconf 72' lang='lat' dir='ltr'><strong>guo</strong></span> <span class='ocrx_word' id='word_1_179' title='bbox 854 3419 892 3485; x_wconf 92' lang='lat' dir='ltr'><strong>de</strong></span> <span class='ocrx_word' id='word_1_180' title='bbox 910 3421 1034 3505; x_wconf 85' lang='lat' dir='ltr'><strong>perlatis</strong></span> <span class='ocrx_word' id='word_1_181' title='bbox 1053 3421 1166 3488; x_wconf 82' lang='lat' dir='ltr'><strong>suffre-</strong></span> 
     </span>
     <span class='ocr_line' id='line_1_28' title="bbox 193 3526 1167 3622; baseline 0.012 -33"><span class='ocrx_word' id='word_1_182' title='bbox 193 3526 250 3612; x_wconf 89' lang='lat' dir='ltr'><strong>giis</strong></span> <span class='ocrx_word' id='word_1_183' title='bbox 268 3527 438 3612; x_wconf 87' lang='lat' dir='ltr'><strong>unicuique</strong></span> <span class='ocrx_word' id='word_1_184' title='bbox 458 3526 586 3613; x_wconf 88' lang='lat' dir='ltr'><strong>hujusce</strong></span> <span class='ocrx_word' id='word_1_185' title='bbox 613 3531 725 3596; x_wconf 91' lang='lat' dir='ltr'><strong>ordinis</strong></span> <span class='ocrx_word' id='word_1_186' title='bbox 747 3533 827 3596; x_wconf 89' lang='lat' dir='ltr'><strong>socio</strong></span> <span class='ocrx_word' id='word_1_187' title='bbox 846 3532 1014 3598; x_wconf 87' lang='lat' dir='ltr'><strong>innoteseat</strong></span> <span class='ocrx_word' id='word_1_188' title='bbox 1042 3534 1167 3622; x_wconf 90' lang='lat' dir='ltr'><strong>riteque</strong></span> 
     </span>
     <span class='ocr_line' id='line_1_29' title="bbox 192 3640 1167 3734; baseline 0.012 -30"><span class='ocrx_word' id='word_1_189' title='bbox 192 3650 352 3725; x_wconf 83' lang='lat' dir='ltr'><strong>exceptum</strong></span> <span class='ocrx_word' id='word_1_190' title='bbox 372 3640 474 3717; x_wconf 84' lang='lat' dir='ltr'><strong>luisse,</strong></span> <span class='ocrx_word' id='word_1_191' title='bbox 494 3642 577 3727; x_wconf 90' lang='lat' dir='ltr'><strong>quod</strong></span> <span class='ocrx_word' id='word_1_192' title='bbox 593 3645 756 3728; x_wconf 90' lang='lat' dir='ltr'><strong>protulerit</strong></span> <span class='ocrx_word' id='word_1_193' title='bbox 776 3647 966 3734; x_wconf 86' lang='lat' dir='ltr'><strong>suffragium,</strong></span> <span class='ocrx_word' id='word_1_194' title='bbox 982 3669 1167 3731; x_wconf 89' lang='lat' dir='ltr'><strong>persuasum</strong></span> 
     </span>
     <span class='ocr_line' id='line_1_30' title="bbox 192 3754 1164 3849; baseline 0.014 -34"><span class='ocrx_word' id='word_1_195' title='bbox 192 3754 219 3815; x_wconf 92' lang='lat' dir='ltr'><strong>ei</strong></span> <span class='ocrx_word' id='word_1_196' title='bbox 237 3757 284 3829; x_wconf 94' lang='lat' dir='ltr'><strong>sit,</strong></span> <span class='ocrx_word' id='word_1_197' title='bbox 296 3754 470 3820; x_wconf 89' lang='lat' dir='ltr'><strong>tabularum</strong></span> <span class='ocrx_word' id='word_1_198' title='bbox 486 3777 558 3821; x_wconf 90' lang='lat' dir='ltr'><strong>cum</strong></span> <span class='ocrx_word' id='word_1_199' title='bbox 573 3779 609 3822; x_wconf 88' lang='lat' dir='ltr'><strong>eo</strong></span> <span class='ocrx_word' id='word_1_200' title='bbox 623 3759 913 3825; x_wconf 90' lang='lat' dir='ltr'><strong>communicandum</strong></span> <span class='ocrx_word' id='word_1_201' title='bbox 930 3771 976 3826; x_wconf 90' lang='lat' dir='ltr'><strong>est</strong></span> <span class='ocrx_word' id='word_1_202' title='bbox 992 3764 1164 3849; x_wconf 85' lang='lat' dir='ltr'><strong>exemplar,</strong></span> 
     </span>
    </p>
   </div>
   <div class='ocr_carea' id='block_1_3' title="bbox 224 3980 924 4178">
    <p class='ocr_par' dir='ltr' id='par_1_4' title="bbox 224 3980 924 4178">
     <span class='ocr_line' id='line_1_31' title="bbox 226 3980 572 4084; baseline 0.012 -22"><span class='ocrx_word' id='word_1_203' title='bbox 226 4014 233 4046; x_wconf 88' lang='lat'>¹</span> <span class='ocrx_word' id='word_1_204' title='bbox 254 4016 313 4062; x_wconf 89' lang='lat' dir='ltr'><strong>lbid.</strong></span> <span class='ocrx_word' id='word_1_205' title='bbox 331 4019 349 4064; x_wconf 89' lang='lat'><strong>1.</strong></span> <span class='ocrx_word' id='word_1_206' title='bbox 367 4035 388 4064; x_wconf 89' lang='lat' dir='ltr'><strong>c.</strong></span> <span class='ocrx_word' id='word_1_207' title='bbox 406 4022 418 4084; x_wconf 65' lang='lat' dir='ltr'><strong>{i</strong></span> <span class='ocrx_word' id='word_1_208' title='bbox 438 4019 478 4080; x_wconf 86' lang='lat'><strong>15,</strong></span> <span class='ocrx_word' id='word_1_209' title='bbox 497 3980 529 4066; x_wconf 64' lang='lat' dir='ltr'><strong>il.</strong></span> <span class='ocrx_word' id='word_1_210' title='bbox 549 4018 572 4066; x_wconf 91' lang='lat' dir='ltr'><strong>l.</strong></span> 
     </span>
     <span class='ocr_line' id='line_1_32' title="bbox 224 4106 924 4178; baseline 0.01 -25"><span class='ocrx_word' id='word_1_211' title='bbox 224 4106 234 4137; x_wconf 87' lang='lat'><strong>²</strong></span> <span class='ocrx_word' id='word_1_212' title='bbox 252 4108 312 4156; x_wconf 91' lang='lat' dir='ltr'><strong>lbid.</strong></span> <span class='ocrx_word' id='word_1_213' title='bbox 331 4110 347 4154; x_wconf 87' lang='lat' dir='ltr'><strong>l.</strong></span> <span class='ocrx_word' id='word_1_214' title='bbox 366 4127 387 4157; x_wconf 89' lang='lat' dir='ltr'><strong>c.</strong></span> <span class='ocrx_word' id='word_1_215' title='bbox 405 4111 417 4175; x_wconf 60' lang='lat' dir='ltr'><strong>d</strong></span> <span class='ocrx_word' id='word_1_216' title='bbox 437 4110 478 4172; x_wconf 83' lang='grc'><strong>15,</strong></span> <span class='ocrx_word' id='word_1_217' title='bbox 498 4113 528 4157; x_wconf 79' lang='lat' dir='ltr'><strong>ol.</strong></span> <span class='ocrx_word' id='word_1_218' title='bbox 547 4109 573 4172; x_wconf 81' lang='lat'><strong>2,</strong></span> <span class='ocrx_word' id='word_1_219' title='bbox 592 4112 647 4159; x_wconf 88' lang='lat' dir='ltr'><strong>coll.</strong></span> <span class='ocrx_word' id='word_1_220' title='bbox 669 4113 681 4176; x_wconf 71' lang='lat' dir='ltr'><strong>§t</strong></span> <span class='ocrx_word' id='word_1_221' title='bbox 700 4110 739 4174; x_wconf 84' lang='lat'><strong>18,</strong></span> <span class='ocrx_word' id='word_1_222' title='bbox 758 4113 789 4160; x_wconf 82' lang='lat' dir='ltr'><strong>al.</strong></span> <span class='ocrx_word' id='word_1_223' title='bbox 809 4111 834 4175; x_wconf 81' lang='grc'><strong>2,</strong></span> <span class='ocrx_word' id='word_1_224' title='bbox 853 4113 865 4178; x_wconf 65' lang='lat' dir='ltr'><strong>p</strong></span> <span class='ocrx_word' id='word_1_225' title='bbox 901 4112 924 4160; x_wconf 82' lang='lat'><strong>8.</strong></span> 
     </span>
    </p>
   </div>
   <div class='ocr_carea' id='block_1_4' title="bbox 0 0 1374 4740">
    <p class='ocr_par' dir='ltr' id='par_1_5' title="bbox 0 0 1374 4740">
     <span class='ocr_line' id='line_1_33' title="bbox 0 0 1374 4740; baseline 0 0"><span class='ocrx_word' id='word_1_226' title='bbox 0 0 1374 4740; x_wconf 95' lang='lat' dir='ltr'><strong> </strong></span> 
     </span>
    </p>
   </div>
  </div>
 </body>
</html>
