2738 4740
633 377 644 406 ο

648 446 708 517 221

199 639 351 694 caeterum
373 627 501 714 propriis
526 626 656 690 maxime
680 625 770 691 rebus
794 626 974 709 utebantur,
1001 630 1060 704 ita,
1084 605 1162 716 quos

200 742 361 805 consultari
380 739 419 804 de
439 739 569 824 publicis
587 737 813 824 quaestionibus
832 738 1004 823 oportebat,
1022 763 1089 805 suos
1109 764 1160 806 ra-

199 855 311 918 riorum
331 852 474 918 ordinum
489 861 655 915 conventus
666 849 703 915 ad
719 850 832 916 saeculi
846 849 958 914 deciuu
973 853 1046 915 noni
1062 874 1160 939 usque
1220 901 1231 914 .

196 967 383 1054 principium
404 964 595 1028 retinuerunt
616 963 642 1035 ,¹·
687 964 813 1048 Propter
835 973 949 1028 arctam
974 985 1059 1040 rero,
1082 985 1161 1050 quae

196 1081 276 1144 iuter
291 1076 503 1143 haereditarias
525 1076 664 1162 regiones
685 1075 781 1161 magis
801 1075 959 1162 magisque
980 1077 1161 1154 invaluerat,

197 1188 451 1260 necessitudinem
472 1188 593 1252 evenire
614 1186 736 1264 debuit,
759 1199 793 1252 ut
812 1210 829 1253 e
849 1186 1008 1253 celebratis
1030 1186 1063 1251 in
1085 1209 1160 1253 uua-

198 1323 323 1389 quaque
352 1299 495 1364 ordinum
520 1300 650 1382 comitiis
680 1322 777 1364 unum
802 1300 923 1367 tandem
949 1302 1033 1366 velut
1052 1323 1163 1387 corpus

135 1475 139 1481 .
198 1416 379 1500 coalesceret
398 1412 422 1477 ².
470 1412 615 1478 Publium
642 1413 737 1500 igitur
766 1424 870 1478 coetus
896 1414 1006 1478 exstitit
1027 1415 1163 1480 circula·

175 1589 177 1592 ,
199 1527 279 1590 rium
301 1524 535 1610 provinciarum,
558 1526 590 1591 in
611 1547 704 1612 quem
725 1525 889 1591 seutitaudi
904 1528 957 1611 jus
974 1539 1039 1591 tum
1062 1527 1162 1613 ponti·

198 1640 259 1705 licii
276 1638 480 1724 adsociatique
497 1638 544 1703 bis
562 1640 687 1704 comites
706 1649 801 1726 atque
820 1639 972 1727 dynastae,
988 1652 1054 1705 tum
1074 1641 1162 1727 equi·

198 1761 276 1817 tatus
302 1750 386 1828 ordo,
421 1761 486 1816 turn
506 1750 641 1838 denique
667 1751 757 1816 urbes
785 1751 960 1817 habuerunt
976 1752 1000 1819 ³.
1044 1753 1163 1818 Primae

197 1872 299 1928 autem
320 1864 423 1928 curiae
442 1862 605 1948 participes
624 1875 710 1928 crant
727 1863 894 1930 lllisniensis
912 1864 1059 1930 dioecesis
1069 1877 1163 1952 atquc

198 1976 351 2042 academia
373 1977 549 2063 lipsiensis,
572 1976 704 2042 celsioris
722 1998 793 2042 vero
812 1976 924 2042 ordinis
941 1981 1099 2062 optimates
1113 2001 1163 2043 ea·

197 2090 265 2155 dem
294 2091 470 2156 continebat
494 2090 632 2176 dynastas
658 2087 926 2174 Schonburgenses
949 2110 986 2153 ac
1005 2089 1160 2175 dynastarn

195 2203 482 2268 Wildenlelsensem
501 2201 524 2266 ⁴.
570 2202 595 2264 E
615 2198 719 2263 multis
738 2199 873 2277 scilicet,
890 2221 965 2286 quas
986 2199 1162 2266 Sobonbur-

198 2338 303 2404 genses
341 2314 516 2398 principum
555 2311 739 2376 comitumve
770 2312 858 2377 titulo
894 2313 991 2378 ornati
1021 2313 1163 2401 dynastae

197 2425 408 2512 possidebant,
428 2425 535 2507 terris,
554 2435 614 2488 tres
631 2423 702 2488 illac
721 2423 885 2512 dynastiae,
906 2424 1060 2504 Glaucba,
1073 2428 1162 2492 Wal-

197 2538 404 2626 denburgium
424 2548 519 2623 atque
545 2535 754 2602 lichtensteaa
783 2535 945 2604 Bobeanm
963 2540 1029 2627 regi
1048 2539 1161 2606 feudali

197 2652 321 2717 nominc
340 2652 499 2739 obligatae,
511 2651 636 2715 inferior
645 2671 736 2736 porro
755 2652 915 2718 comitatus
927 2654 1162 2719 Harteasteacn·

197 2766 236 2830 sis
253 2787 356 2852 neque
373 2786 435 2829 nou
450 2764 603 2829 Stenensis
624 2764 760 2852 dynastia
782 2765 873 2829 simili
899 2765 1023 2852 quidem
1045 2788 1062 2830 a
1091 2766 1162 2830 ttis-

197 2881 294 2944 nicasi
319 2878 523 2963 margraviatu
542 2879 667 2944 vinculo
689 2878 866 2964 pendentes,
886 2889 917 2942 at
937 2900 1093 2944 consessus
1101 2880 1163 2941 lur-

197 2991 316 3078 periclis
330 2989 453 3074 juribus
473 2988 611 3067 donatae,
632 2990 666 3054 in
689 2988 839 3074 ejusmodi
857 2989 965 3055 exinde
982 2990 1163 3055 facultatum

144 3085 150 3105 ⁸
199 3100 430 3188 officiorumque
448 3113 648 3185 pervenerant
667 3101 882 3179 conditionem,
895 3122 931 3166 ex
951 3123 1012 3189 qua
1031 3100 1098 3166 lieri
1114 3102 1163 3164 rix

234 3301 242 3334 ¹
261 3302 470 3350 flammam.
485 3300 585 3349 Grande.
604 3301 628 3350 d.
643 3300 710 3352 beat.
726 3303 795 3351 lleat.
812 3302 911 3351 Stsatsr.
926 3300 940 3369 ᾗ
954 3298 1002 3357 89;
1020 3311 1164 3359 lttuom,

199 3394 227 3444 ll.
243 3410 278 3443 cc.
293 3407 389 3456 watsss,
405 3392 484 3442 Sacbr.
501 3393 599 3442 Staatsr.
616 3413 639 3457 p.
659 3394 701 3452 453
719 3398 833 3457 Muscam,
843 3395 889 3456 111,
905 3391 985 3457 l‚p.l
1001 3400 1026 3440 et
1033 3389 1060 3454 2,
1069 3408 1093 3453 p.
1105 3389 1164 3447 110;

200 3485 228 3535 de
244 3495 344 3547 utraque
359 3487 467 3549 Luuoit,
483 3499 528 3536 vott
542 3493 628 3547 ιὸιιι,
643 3489 739 3537 Stator.
753 3505 777 3536 r.
791 3487 872 3537 snat..
888 3488 916 3536 Υ.
932 3489 964 3549 11,
978 3484 1073 3548 passim

233 3576 244 3609 ¹
261 3577 328 3643 Quod
341 3577 417 3627 medio
432 3579 527 3628 saeculo
542 3579 631 3628 docimo
651 3579 735 3641 quinto
749 3580 878 3642 perlectum
892 3578 966 3627 luisse
984 3583 1086 3626 constat.
1103 3575 1165 3623 llat-

199 3683 296 3733 nom,
314 3670 373 3720 ibid.
390 3669 457 3734 1).ss
477 3670 526 3735 etp
547 3669 589 3732 19,
606 3689 629 3734 p.
646 3669 688 3720 62.

233 3761 244 3796 ⁸
260 3767 407 3826 blitmarus,
423 3766 436 3830 y
452 3761 495 3825 19,
517 3761 575 3811 ibid.
597 3773 621 3812 ct
645 3772 695 3812 not.
711 3763 727 3809 1
744 3772 768 3811 et
783 3763 801 3812 l.
817 3767 904 3824 samu,
920 3778 959 3823 op.
974 3776 995 3810 o.
1013 3757 1072 3807 ibid.
1089 3755 1104 3824 y
1124 3756 1168 3822 12,

200 3873 224 3918 p.
236 3852 287 3915 323
300 3870 397 3918 wama,
412 3855 496 3904 (lasela.
513 3855 594 3904 Sacbr.
611 3856 637 3903 Υ.
653 3854 680 3916 t,
696 3872 720 3917 p.
739 3850 798 3915 192,
814 3862 865 3901 aot.
881 3852 933 3900 ***.

235 3946 408 4010 ‘limosam
428 3947 487 3996 ibid.
510 3956 559 3994 aot.
584 3947 601 3993 tr
617 3948 678 4002 et13
695 3949 784 4006 suaso,
806 3944 865 3993 ibid.
882 3942 1022 3992 ludentes
1038 3944 1165 3991 convectat

203 4039 296 4102 publico
319 4042 349 4088 ab
371 4056 434 4089 anno
450 4039 506 4087 inde
529 4035 595 4087 1587
618 4047 729 4101 perpetuo
745 4037 877 4088 adsociatae
892 4034 967 4085 luisse
988 4033 1105 4084 videntur.
1140 4036 1165 4084 1.

203 4143 342 4194 suasum,
359 4132 373 4199 y
391 4129 433 4193 19,
450 4140 501 4180 aot.
519 4133 543 4179 t.
