2738 4740
718 431 826 516 aa,

253 617 383 682 maxime
402 616 516 682 saeculi
532 615 607 681 sexti
620 615 732 681 decimi
744 627 830 701 parte
841 615 1042 701 repetendum
1053 614 1231 681 ubtiment

253 730 450 818 principium.
482 730 576 816 Cujus
593 729 720 816 quidem
739 731 784 794 rei
802 731 836 794 iu
851 746 957 806 causa,
980 740 1048 794 tum
1062 729 1139 810 alia,
1160 739 1230 793 tum

253 841 312 909 boc
337 845 470 909 maxime
488 843 580 908 tuisse
602 842 742 927 ridetur,
775 841 859 928 quod
879 843 911 906 iu
933 841 970 906 iis
993 842 1124 931 legibus,
1148 862 1231 928 quaa

253 958 388 1022 universi
406 957 531 1022 nomine
543 957 669 1042 Imperii
683 955 938 1032 decernerentur,
958 953 1040 1020 baud
1051 954 1148 1043 magis
1156 955 1230 1039 jura

253 1070 404 1159 quaedam
417 1069 554 1158 legitima
564 1069 802 1156 provincialibus
816 1068 976 1133 ordinibus
987 1068 1121 1133 adtribui
1133 1088 1229 1154 qrram

252 1184 388 1250 muneris
417 1184 553 1270 ipsorum
584 1183 717 1249 describi
744 1183 820 1247 ratio
849 1183 1047 1268 ambitusque
1076 1180 1229 1245 solerent:

252 1298 336 1363 unde
354 1298 472 1364 scilicet
496 1299 630 1377 iactum,
662 1309 698 1362 ut
717 1297 796 1381 juris
815 1297 1020 1382 professorum
1040 1294 1117 1360 baec
1134 1293 1231 1380 paul·

251 1411 337 1475 latim
347 1412 542 1489 invalescere,
553 1409 840 1497 proptcrinsignem
850 1431 932 1487 rcro,
943 1430 1005 1496 qua
1014 1407 1048 1472 bi
1057 1416 1229 1481 uterentur,

252 1524 484 1599 auctoritatem,
507 1523 661 1610 plerisque
679 1521 855 1609 persuaderi
874 1521 1009 1607 coeperit
1029 1520 1150 1605 opinio,
1175 1517 1230 1584 ad-

253 1636 345 1701 scribi
354 1634 437 1699 haud
457 1636 521 1699 ulla
536 1635 609 1719 jura
631 1635 788 1700 civitatum
807 1633 965 1698 ordinibus
984 1633 1089 1710 licere,
1109 1643 1231 1718 praeter

253 1771 309 1824 ea,
341 1768 475 1834 quorum
508 1747 544 1812 iis
573 1748 658 1812 relut
687 1747 827 1812 tralatitia
857 1758 1035 1833 suppeteret
1064 1747 1229 1832 possessio:

253 1861 440 1948 quibuscum
460 1859 557 1947 igitur
581 1860 766 1944 conjunctae
784 1861 837 1925 ubi
864 1860 1037 1926 tractandas
1057 1881 1121 1924 sese
1138 1860 1229 1924 obtu-

252 1974 357 2040 lissent
375 1972 579 2060 quaestiones,
599 1973 642 2038 sic
661 1983 779 2036 tantum
801 1993 863 2037 non
885 1994 949 2037 esse
972 1981 1022 2050 ut,
1050 1970 1232 2036 inconsultis

253 2087 330 2166 illis,
353 2087 477 2173 proprio
509 2096 627 2169 marte,
663 2106 729 2149 reru
762 2085 914 2171 principes
948 2085 1104 2150 absolvere
1135 2106 1232 2150 cona-

254 2211 361 2265 rentur
388 2200 411 2266 ¹.
455 2200 665 2285 Quapropter,
700 2198 772 2263 licet
800 2196 836 2260 iis
870 2208 954 2262 certe
991 2196 1231 2272 constituendis,

255 2314 367 2400 quibus
384 2313 539 2378 difficilior
556 2311 707 2398 proposita
724 2310 917 2397 pertractatio
931 2310 1097 2390 rideretur,
1110 2311 1141 2375 in
1158 2333 1233 2403 con·

254 2426 359 2490 silium
378 2446 549 2511 numquam
570 2446 631 2488 non
656 2424 787 2490 adscisci
807 2423 928 2490 ordines
950 2424 1136 2502 invaluisset,
1161 2447 1231 2490 rcra

255 2550 358 2604 tamon
377 2539 440 2603 sira
459 2538 588 2603 adsensu
609 2537 811 2603 confirmandi
830 2539 892 2602 sire
912 2536 1097 2624 probibendi
1113 2540 1233 2624 impro-

254 2651 378 2716 batione
400 2660 525 2716 cateuus
542 2651 642 2714 solum
656 2650 697 2713 'iis
715 2660 890 2735 competere
907 2651 1035 2715 facultas
1048 2650 1231 2734 ducebatur,

256 2773 408 2851 quatenus
428 2784 512 2839 earu,
531 2772 585 2826 aut
604 2783 623 2826 a
646 2761 770 2826 remotis
795 2761 868 2827 inde
888 2763 1078 2849 temporibus
1103 2785 1232 2849 usurpa-

255 2876 377 2954 risscut,
401 2886 454 2941 aut
471 2874 521 2940 rel
541 2884 657 2960 postca,
678 2874 859 2960 paciscendo
879 2874 981 2960 adepti
1004 2899 1021 2940 a
1040 2875 1231 2963 principibus

255 2991 393 3057 subeant.
435 2991 504 3054 Huc
521 2988 620 3076 gravis
639 3008 709 3051 mox
729 2987 855 3052 accessit
875 2988 983 3074 ipsius,
1003 2989 1087 3075 quod
1110 3012 1232 3054 memo-

258 3104 406 3181 ravimus,
434 3123 541 3167 eorum
571 3101 601 3165 in
634 3099 790 3165 suadendo
818 3101 907 3187 positi
935 3102 1070 3166 muneris
1088 3103 1233 3187 jactura,

257 3227 429 3303 postquam,
451 3217 696 3280 increbrescente
719 3217 814 3302 magis
840 3216 1001 3303 magisque
1023 3216 1235 3304 stipendiario·

259 3351 349 3407 rum,
373 3328 410 3394 ad
430 3327 490 3394 boc
509 3351 607 3394 unum
637 3327 776 3393 officium
808 3330 976 3394 electorum
1005 3331 1234 3398 consiliatorum

259 3463 335 3518 usu,
360 3440 502 3506 ordinum
523 3441 605 3507 circa
626 3441 702 3505 illud
727 3442 817 3526 operi
837 3442 926 3509 facile
946 3444 1003 3508 sibi
1023 3446 1232 3531 supersedenae

259 3555 334 3619 dum
361 3554 603 3619 animadrertere
633 3554 803 3640 coepissent
833 3556 1016 3641 imperantes
1036 3557 1060 3624 ².
1103 3560 1233 3645 Neque,

260 3680 294 3731 ut
313 3668 417 3752 paucis
437 3690 500 3731 rem
529 3668 783 3753 complectamur,
813 3669 945 3735 mirandi
964 3672 1027 3736 nlla
1049 3693 1139 3736 causa
1159 3695 1235 3757 sup-

261 3780 392 3864 peditat,
425 3779 463 3842 de
495 3782 622 3864 antiquo
649 3779 881 3864 provincialium
912 3781 1053 3849 ordinum
1077 3795 1236 3850 momento

298 4044 306 4081 ¹
326 4046 458 4104 braurone,
477 4043 534 4093 ibid.
552 4056 575 4093 et
594 4056 643 4094 not.
663 4064 691 4108 g,
711 4046 725 4092 tr
745 4055 768 4093 et
783 4048 798 4093 i.

296 4137 308 4173 ²
328 4139 407 4197 ldem,
425 4138 481 4186 ibid.
502 4148 524 4185 at
542 4138 555 4202 ᾗ
573 4140 630 4188 bill.
