2738 4740
572 431 613 489 95

107 618 187 682 idem
208 639 259 681 rex
278 615 412 679 tribuere
430 622 538 696 potest.
560 613 725 697 llagnates,
748 625 813 677 tum
834 614 991 703 originarii
1008 627 1074 682 tum

108 729 277 815 receptitii,
303 724 416 812 singuli
431 724 504 809 jure
524 722 659 810 gaudent
678 722 891 810 suffragiorum
908 729 940 791 in
964 730 1076 794 ordinis

107 845 152 906 sui
170 863 346 929 congressu.
369 841 465 903 Penes
481 858 584 923 regem
601 846 644 900 est
657 839 850 923 magnatibus
861 841 1076 930 nobilibusque

107 956 290 1031 concedere,
307 964 342 1019 ut
360 974 467 1017 recens
485 974 502 1015 a
521 973 585 1014 sese
603 952 755 1035 acquisita
770 953 850 1018 bona
865 955 896 1017 ia
914 957 1077 1040 majoratus

108 1078 297 1133 convertant.
331 1065 470 1150 Quisque
486 1063 595 1127 nobilis
614 1064 687 1128 ciris
701 1064 753 1148 jus
769 1064 860 1130 habet
878 1067 1026 1132 societatis
1044 1071 1077 1132 in

108 1181 309 1246 conventibus
330 1178 411 1241 illius
439 1176 620 1252 comitatus,
654 1198 748 1262 quem
776 1177 883 1243 incolit
909 1189 1002 1264 atque
1024 1182 1078 1244 ubi

107 1294 188 1358 bona
211 1290 353 1377 possidet.
399 1291 451 1352 Est
469 1287 581 1352 deinde
596 1289 665 1376 lege
685 1290 724 1353 ab
739 1292 823 1354 omni
838 1291 1000 1356 violatione
1015 1302 1078 1357 tuta

108 1406 219 1470 nobilis
232 1423 371 1489 persona.
393 1403 429 1465 ln
441 1402 577 1465 vinculus
595 1403 706 1486 conjici
721 1401 851 1487 hujusce
867 1404 980 1469 ordinis
999 1406 1080 1470 eires

109 1540 173 1582 non
193 1516 317 1594 debent,
330 1517 387 1580 nisi
402 1516 513 1600 culpae
530 1516 652 1580 obnoxii
669 1517 813 1582 declarati
828 1541 845 1582 a
857 1518 965 1602 judice
981 1540 1080 1605 eoque

109 1630 147 1693 ad
164 1628 331 1694 nobilitatis
347 1629 485 1692 ordinem
506 1628 674 1693 necessario
688 1632 872 1715 pertinente,
884 1632 935 1698 eui
950 1632 1081 1717 subjecti

109 1755 191 1820 sunt,
209 1753 335 1828 excepto
347 1754 465 1818 tamen,
484 1741 507 1804 si
523 1740 562 1806 de
580 1743 708 1808 crimine
723 1744 855 1809 feloniae
872 1757 993 1832 agatur.
1016 1748 1081 1811 Soli

109 1858 227 1921 nobiles
238 1867 303 1920 tum
315 1878 402 1942 agros
412 1855 584 1940 possidendi
594 1857 748 1934 facultate,
762 1869 827 1922 tum
838 1859 911 1943 jure
924 1859 1080 1926 dominico

108 1973 139 2033 in
159 1969 283 2035 colonos
300 1969 441 2034 instructi
460 1979 540 2034 sunt.
562 1969 612 2033 Ab
627 1970 712 2033 omni
724 1970 950 2057 cujuscumque
961 1973 1080 2058 generis

110 2084 223 2148 tributo
242 2083 404 2167 pendendo
419 2083 571 2146 immunes
590 2081 752 2161 habentur,
768 2084 1000 2170 voluntariaque
1013 2096 1080 2150 tan·

110 2210 175 2261 tum
198 2197 337 2262 conferre
358 2196 456 2259 solent
475 2194 619 2260 subsidia.
642 2196 759 2263 Verum
776 2207 930 2273 tenentur,
943 2198 997 2260 ubi
1014 2198 1079 2261 bel-

110 2315 175 2376 lum
193 2310 347 2387 exarserit,
364 2320 492 2374 vocante
512 2329 595 2393 rege,
614 2309 715 2372 statim
734 2330 807 2374 cum
828 2309 924 2394 equis,
942 2310 1081 2375 militaris

111 2424 310 2510 expeditionis
327 2423 498 2508 participes,
519 2422 633 2508 egredi.
665 2424 824 2488 Caeterum
846 2425 991 2511 obsequio
1009 2448 1080 2512 erga

110 2559 180 2602 eum
210 2547 330 2600 tantum
359 2557 464 2622 regem
496 2536 632 2601 obstricti
658 2535 828 2615 habentur,
857 2538 911 2624 qui
941 2539 1081 2626 legitimo

110 2650 303 2735 solemnique
322 2648 384 2713 ritu
406 2648 577 2713 diademate
595 2650 689 2713 fuerit
710 2649 882 2737 insignitus.
916 2654 974 2716 Lex
991 2675 1082 2737 prae-

112 2774 190 2826 tcrea
202 2763 385 2848 cuiqueciri
399 2763 495 2827 nobili
511 2763 644 2849 injungit
652 2763 757 2850 utipse
771 2785 827 2849 pro
841 2763 936 2849 patria
947 2763 1082 2829 decertet

112 2886 224 2960 utque,
248 2876 273 2937 si
295 2873 376 2939 haud
399 2875 470 2938 satis
487 2875 644 2960 copiarum
661 2875 850 2960 suppeditet,
869 2875 995 2938 rasallos
1014 2898 1083 2939 suos

111 2987 203 3050 armis
216 2986 410 3050 instruendos
420 2997 507 3051 curet
523 2999 553 3050 et
563 2989 595 3051 in
610 2988 726 3052 bellum
738 2988 857 3052 educat.
883 2988 1083 3073 Quicumque

113 3120 226 3185 genere
248 3098 358 3161 nobilis
379 3119 440 3162 non
461 3109 504 3162 est
519 3098 647 3163 minime
665 3111 772 3186 potest,
795 3100 879 3164 omni
897 3100 929 3164 in
946 3099 1084 3184 lite,ipse

112 3221 219 3276 eontra
232 3209 366 3273 nobilem
382 3231 600 3275 eausamsuam
619 3235 724 3277 orare:
744 3234 866 3277 necesse
877 3223 920 3277 est
938 3235 1027 3298 saepe
1042 3213 1084 3277 ol·

112 3323 218 3387 ficium
237 3321 316 3386 istud
335 3322 427 3387 alicui
445 3322 484 3388 de
502 3325 652 3389 nobilium
671 3326 767 3391 classe
788 3326 848 3391 ciri
865 3326 1060 3392 demandare.

133 3498 170 3587 Β)
193 3499 437 3589 Depontr'stce'r‘s
453 3524 493 3565 oc
498 3501 641 3590 juribus
659 3507 752 3569 eirea
767 3507 886 3569 cultum
901 3505 1060 3569 diurnum.

155 3663 263 3728 Clerici
284 3660 391 3726 iisdem
406 3663 470 3728 fore
490 3675 584 3751 atque
598 3664 714 3730 nobiles
729 3667 852 3750 juribus
873 3677 904 3730 et
918 3665 1085 3751 privilegiis

113 3787 243 3841 utuntur
258 3776 426 3863 eademque
448 3799 544 3863 prope
561 3778 700 3845 instituta
721 3781 801 3844 circa
817 3779 895 3843 bona
911 3801 1018 3843 corum
1036 3802 1084 3844 re-

112 3902 201 3975 cepta
220 3901 302 3960 sunt.
334 3890 420 3955 Sicut
436 3892 571 3969 nobiles,
590 3892 632 3956 ita
650 3892 694 3956 illi
712 3912 839 3977 quoque
853 3890 1036 3976 quibusdam
1053 3894 1085 3958 in

113 4003 231 4068 casibus
246 4006 328 4068 ultro
342 4003 501 4090 insurgere
515 4014 674 4069 tenentur.
698 4004 759 4085 Qui
771 4024 832 4067 non
844 4015 915 4089 sunt
931 4027 967 4069 ex
979 4005 1087 4070 ordine

112 4115 263 4180 nobilium
282 4117 321 4181 ad
345 4114 548 4182 ecclesiastica
577 4126 679 4180 tamen
700 4114 848 4180 beneficia
873 4127 955 4182 recte
974 4118 1085 4182 admit-
