2738 4740
706 395 767 458 166

249 584 437 669 legatomm,
459 601 553 666 quam
574 577 765 664 adsignatam
787 576 897 642 huicce
916 576 1001 641 classi
1015 576 1107 641 luisse
1125 598 1220 662 snpra

248 693 397 769 vidimus,
429 713 486 778 per
517 711 770 776 unamquamque
798 690 984 775 provinciam
1014 711 1070 775 pro
1101 691 1222 755 ratione

249 804 427 892 degentium
452 803 485 867 in
515 825 550 868 ea
575 802 760 866 familiarum
783 801 989 866 multitudinis
1010 801 1220 880 distribuitur,

249 917 358 983 demtis
388 918 425 980 iis
451 914 591 992 familiis,
622 936 703 1001 quae
729 915 839 1000 oppida
868 913 1040 979 inhabitent
1071 913 1131 981 boc
1155 915 1222 1000 ipso

248 1032 375 1096 nomine
396 1027 530 1117 eligendi
550 1029 724 1093 facultatem
744 1027 916 1092 exerceatis
935 1027 960 1093 ¹.

293 1144 418 1208 Praeter
445 1163 624 1207 communes
653 1139 842 1206 conditiones
874 1141 943 1225 lege
971 1139 1097 1225 publica
1126 1162 1221 1226 prae·

249 1256 392 1341 scriptas,
415 1252 467 1319 bas
488 1253 578 1318 etiam
599 1254 768 1338 peculiares
792 1253 976 1339 legationem
995 1253 1083 1318 variis
1105 1253 1137 1317 in
1163 1275 1220 1316 or·

250 1368 373 1433 dinibus
397 1366 567 1452 suscepturi
588 1365 746 1452 impleant,
770 1387 892 1431 neccsse
913 1376 974 1430 est:
997 1366 1023 1431 1.
1040 1366 1132 1454 legati
1149 1387 1223 1451 pos·

249 1501 401 1545 sessorum
418 1501 521 1544 rerum
542 1480 598 1544 soli
622 1501 693 1544 com
711 1478 928 1563 jurisdictione
952 1478 1167 1563 patrimoniali,
1187 1489 1224 1542 ut

249 1594 390 1679 inipso,
418 1614 481 1680 quo
511 1593 681 1680 eligantur,
709 1592 826 1656 circulo
854 1592 935 1656 bona
968 1592 1021 1656 illa
1053 1591 1223 1656 immobilia

251 1705 437 1792 possideant.
480 1706 521 1769 Il.
541 1704 776 1769 Academiarum
807 1705 917 1790 legati,
952 1714 989 1768 ut
1013 1726 1048 1769 ex
1081 1703 1224 1792 legitimis

250 1829 370 1883 tantum
392 1817 568 1883 doctoribus
594 1817 752 1881 ordinariis
772 1819 877 1882 selecti
895 1818 1019 1884 fuerint.
1042 1819 1096 1883 111.
1117 1819 1223 1882 Ponti·

251 1929 316 1996 licii
332 1928 523 2007 mandatarii,
539 1940 574 1993 at
594 1951 749 1995 sacrorum
769 1931 917 1995 antistites
936 1932 996 1995 sint
1013 1931 1126 2016 optimo
1137 1931 1221 2015 jure,

249 2043 273 2110 i.
297 2065 325 2110 e.
346 2064 409 2107 non
428 2042 585 2121 adscititii,
601 2042 721 2129 ipsique
744 2043 932 2130 presbyteria
953 2065 1006 2107 sua
1026 2053 1222 2127 procurantes

255 2155 442 2247 (trirlrlicbe,
465 2156 699 2242 selbststtindige
717 2157 847 2237 Plarrer,
876 2155 992 2222 welche
1020 2154 1086 2220 ibre
1105 2156 1222 2220 Plarrei

251 2271 343 2335 selbst
358 2269 529 2356 verseben.)
547 2270 801 2355 IV.Oppidorum
819 2270 921 2355 legati,
940 2281 974 2333 ut
993 2270 1025 2334 in
1040 2270 1075 2333 iis
1095 2271 1223 2334 urbibus

250 2384 383 2470 pagisre,
401 2403 534 2467 quorum
552 2384 678 2447 nomine
697 2384 729 2446 in
747 2395 932 2448 conventum
953 2382 1139 2449 adsciscendi
1153 2383 1223 2459 sint,

208 2483 210 2486 Α
250 2495 295 2558 sic
316 2490 474 2570 habitent,
508 2502 560 2570 ut,
587 2515 642 2578 per
670 2495 826 2581 integrum
850 2496 917 2580 jam
949 2507 1021 2560 ante
1043 2497 1224 2561 electionem

251 2603 429 2681 triennium,
449 2615 502 2669 aut
521 2604 618 2670 libero
638 2605 670 2671 in
691 2607 728 2671 iis
749 2609 796 2670 usi
815 2609 930 2673 luerint
945 2608 1061 2693 praedii
1077 2608 1223 2685 dominio,

250 2727 305 2784 aut
331 2715 486 2781 urbanum
513 2719 709 2783 tractaverint
735 2719 912 2805 opificium,
935 2719 1030 2796 unde,
1053 2720 1115 2783 sire
1134 2741 1221 2802 prae-

251 2828 338 2895 dialis
360 2828 467 2894 tributi
494 2829 582 2895 titulo
608 2832 755 2919 (Hauser-
784 2833 848 2898 und
871 2829 1121 2919 Rusticalsteuer)
1151 2833 1222 2895 sim·

250 2944 325 3031 plici
356 2946 503 3030 pensione
536 2944 712 3034 (Simplum)
741 2960 924 3013 censeantur
956 2950 986 3014 X
1016 2949 1223 3025 florenorum,

251 3058 314 3121 sire
334 3056 512 3141 opificialis,
535 3059 725 3123 tantumdem
748 3060 862 3124 solvere
880 3062 1031 3146 pecuniae
1052 3072 1222 3137 teneantur,

251 3182 403 3259 quantum
435 3174 543 3238 tertiae
573 3173 633 3239 boc
661 3176 695 3239 in
726 3176 866 3262 vectigali
896 3177 983 3242 classi
1023 3181 1222 3242 constitutum

250 3283 363 3366 luerit,
387 3282 419 3347 id
444 3294 489 3347 cst
511 3283 642 3349 florenos
668 3285 792 3371 triginta
812 3286 1063 3374 quadragintare,
1086 3289 1148 3359 sive
1168 3287 1222 3351 de-

251 3396 348 3482 nique
373 3395 479 3460 eadem
504 3397 610 3461 tertiae
631 3398 719 3462 classi
737 3400 921 3486 praescripta
942 3401 1112 3466 collationis
1129 3423 1222 3465 men-

251 3510 341 3584 sura,
367 3509 545 3587 amborum,
574 3530 655 3595 quae
683 3509 831 3590 brimus,
863 3513 1050 3578 tributorum
1077 3514 1220 3588 nomine,

251 3621 443 3704 conjunctim
461 3622 670 3688 aestimentur.
712 3623 821 3689 Iisdem
842 3647 913 3690 sero
931 3627 1155 3692 conditionibus
1170 3647 1221 3687 eos

251 3755 378 3820 quoque
408 3735 561 3820 subjectos
591 3736 739 3824 legimus,
764 3739 818 3825 qui
841 3741 1011 3805 electorum
1039 3740 1069 3803 in
1092 3738 1220 3802 urbibus

250 3847 398 3933 pagisque
428 3849 563 3914 functuri
598 3850 659 3914 sint
687 3851 795 3918 ollicio.
842 3853 880 3920 V.
909 3853 1013 3940 Legati
1043 3875 1078 3916 ex
1111 3849 1219 3913 ordine

251 3997 451 4010 ...η-Ἀ.-

288 4091 294 4120 ¹
314 4090 374 4140 rata.
392 4092 409 4139 r.
429 4109 448 4140 ο,
466 4093 479 4157 q
500 4092 522 4140 7.
