2738 4740
624 411 666 471 69

171 645 173 649 ,
209 592 350 680 Superest
381 604 416 657 ut
449 593 488 657 de
523 593 739 658 constitutione
772 587 1129 657 multius-Cotheuensi

164 702 297 769 brcriter
316 704 480 771 rideamus.
527 705 664 769 Primum
685 705 794 790 igitur,
823 705 852 769 d.
873 710 914 773 28
938 705 1010 769 Dec.
1033 708 1128 779 1810,

163 815 224 880 dur
255 841 414 884 nouusrus
434 840 639 884 cusrsrrnnus
673 839 861 882 reaumaus
883 820 984 905 legem
1003 818 1086 883 dedit
1106 817 1129 894 ¹,

164 929 251 1014 cujus
277 931 323 995 uti
352 931 541 1015 prooemium
565 931 717 1017 insignem
738 951 810 1013 prae
832 951 863 993 se
888 931 1003 994 ferebat
1034 953 1129 997 naro-
1175 973 1181 987 ·

162 1065 291 1107 usonrrs
319 1042 541 1118 adulationem,
573 1043 613 1106 ita
645 1042 742 1105 omnis
771 1052 835 1106 erat
862 1041 899 1104 ad
922 1064 1029 1106 eorum
1049 1044 1128 1107 cele-

161 1154 331 1218 brationem
362 1154 544 1238 placitorum
574 1153 757 1238 composita,
786 1174 885 1238 quae,
919 1153 973 1217 illo
998 1153 1128 1220 maxime

162 1240 307 1343 auctore,
339 1265 426 1330 variis
457 1267 490 1328 in
520 1265 703 1330 Germaniae
736 1251 909 1330 civitatibus
945 1264 1129 1333 invalescere

163 1379 343 1463 coepissent.
390 1380 514 1464 ltaque,
533 1389 662 1463 sumpto
683 1402 699 1442 a
722 1377 903 1465 recipiendia
916 1376 995 1461 juris
1014 1376 1130 1442 codici-

162 1490 220 1554 bus
248 1489 400 1556 Franciois
431 1489 553 1555 exordio
588 1490 620 1567 ²,
650 1490 688 1555 ad
715 1512 779 1554 rem
807 1489 1001 1572 judiciariam
1029 1491 1129 1555 statim

163 1602 309 1667 transibat
329 1625 400 1667 eum
419 1602 451 1666 in
472 1602 599 1668 modum
615 1601 897 1679 efformandam,ut,
913 1602 1025 1690 quibus
1042 1625 1129 1692 mag-

161 1737 237 1781 num
255 1717 390 1781 Francici
406 1716 527 1801 imperii
551 1737 659 1800 corpus
675 1726 833 1802 regeretur
845 1716 1006 1794 institutis,
1022 1738 1128 1781 eorum

160 1828 191 1893 in
213 1829 319 1914 pusilla
336 1827 395 1895 hac
417 1831 538 1894 civitate
558 1830 605 1892 vir
629 1828 797 1916 quidquam
814 1828 998 1896 desiderares
1019 1830 1041 1898 ³.
1066 1832 1126 1898 Na-

159 1941 311 2026 poleoutei
329 1951 432 2006 autem
448 1941 527 2025 juris
549 1952 614 2006 tum
636 1941 731 2007 civilis
756 1954 821 2007 tum
843 1944 1000 2027 judiciarii
1020 1967 1128 2030 recep·

158 2052 232 2117 tioni
251 2063 490 2119 cousentaneum
506 2065 580 2131 erat,
597 2064 633 2117 ut
648 2054 772 2118 sublatis
794 2054 943 2120 nobilium
963 2056 1128 2143 privilegiis

158 2166 322 2231 exstinctae
351 2165 480 2250 pariter,
512 2187 592 2251 quae
620 2187 764 2252 agrorum
791 2167 1014 2252 possessoribus
1041 2189 1126 2233 oom-

158 2279 304 2363 petierat‚
329 2276 535 2362 jurisdicuudi
561 2278 715 2342 facultatis
744 2279 992 2344 commemoratio
1015 2279 1126 2363 adjun-

159 2402 281 2477 geretur
297 2391 322 2457 l.
367 2390 459 2472 Quod
478 2402 705 2477 argumentum,
729 2403 855 2478 propter
880 2390 962 2457 haud
984 2393 1126 2460 similiter

157 2504 300 2570 admissos
318 2503 440 2570 codices
458 2504 637 2580 Francicos,
660 2505 693 2568 iu
712 2504 749 2568 iis
768 2504 891 2585 haberi,
911 2506 1024 2593 quibus
1042 2508 1124 2573 ordi-

158 2616 264 2681 nandis
305 2617 505 2702 antiquorum
554 2615 759 2702 quorumdam
801 2619 984 2702 placitorum
1023 2620 1129 2706 paullo

158 2729 342 2793 tenaciorem
375 2750 427 2792 rex
460 2749 523 2792 sese
550 2727 694 2792 Barariac
724 2730 924 2813 praestiterit,
956 2729 1015 2797 hac
1056 2730 1125 2798 data

158 2841 383 2926 opportunitate
415 2840 685 2904 animadvertimus
708 2839 732 2904 ⁵.
775 2841 945 2907 Observatu
964 2865 1035 2907 rero
1056 2842 1124 2930 dig·

159 2972 234 3015 num
263 2964 326 3034 est,
359 2950 578 3036 cathenensem
612 2952 723 3016 ducem
745 2952 889 3017 sancitam
915 2956 1053 3019 omnium
1082 2955 1125 3019 oi·

160 3062 242 3127 vium
267 3064 483 3150 aequalitatem
509 3063 546 3130 ad
574 3065 705 3129 ludaeos
735 3065 828 3129 etiam
854 3063 990 3129 homines
1018 3087 1122 3149 porre-

193 3361 200 3393 ¹
219 3363 299 3408 liastrt
316 3361 342 3408 iu
356 3358 442 3408 tthein.
460 3359 537 3421 Burri,
558 3361 610 3420 l.ll,
630 3376 653 3421 p.
672 3355 724 3415 97;
744 3358 860 3408 Constitut
883 3359 925 3407 der
940 3360 1025 3423 Europ.
1047 3360 1121 3410 Stant.

158 3457 175 3502 V
196 3457 228 3516 11,
245 3474 269 3518 p.
286 3453 345 3515 260,
365 3470 417 3516 sqq.
431 3459 524 3515 Ιόιιτι,
535 3455 620 3517 Europ.
635 3452 697 3502 ten.
716 3454 736 3515 1,
754 3454 788 3510 11,
804 3471 827 3516 p.
839 3451 918 3515 1057,
934 3470 970 3515 oq.
988 3452 1038 3501 Viti.
1053 3456 1122 3502 etita

157 3564 279 3612 rrurorr,
296 3548 342 3599 ut.
369 3547 447 3610 ttuud,
473 3548 541 3609 th,
568 3566 592 3611 p.
616 3544 678 3608 225,
704 3563 756 3610 sqq.
781 3560 896 3608 marri,
923 3545 1054 3595 drumart
1082 3546 1124 3595 der

155 3643 326 3694 luhrltisohen
346 3641 486 3692 Gerohiolrte
508 3641 617 3706 (Deoua,
640 3637 718 3708 1820)
736 3657 757 3702 p.
774 3637 835 3701 287,
848 3656 899 3703 sqq.
918 3644 1006 3700 liuto,
1024 3656 1060 3701 op.
1084 3639 1125 3688 ait.

156 3755 177 3798 Ρ·
197 3735 241 3798 ⁴32
258 3751 311 3798 Ἥ·

190 3830 200 3862 ²
217 3830 296 3879 court.
314 3828 455 3878 mucrene.
473 3823 621 3877 (128οω.
640 3822 717 3888 1810,
734 3828 785 3874 Art.
805 3823 828 3871 l.

190 3925 200 3957 ³
217 3925 273 3975 tat.
290 3924 369 3974 coust.
388 3925 438 3972 Διί.
455 3919 531 3971 8-6.
675 3917 758 3968 ‘tna
774 3919 854 3968 court.
870 3921 920 3966 trt.
938 3916 955 3966 9
971 3927 995 3966 et
1012 3914 1053 3966 10.

190 4018 296 4068 'Consu
320 4020 404 4067 Bam.
431 4015 444 4066 l
470 4017 525 4080 ttq'i
547 4013 623 4075 1808,
645 4015 671 4061 Τ.
690 4016 716 4074 l,
738 4014 795 4061 ooll.
813 4012 885 4061 Ediot.
904 4012 933 4060 de
949 4029 974 4060 rs
988 4008 1123 4076 judiciaria,

156 4111 179 4158 d.
198 4109 231 4161 24
249 4112 298 4161 Jul.
318 4109 394 4173 1808,
412 4109 485 4159 lldict.
504 4106 604 4158 251n.
624 4103 699 4168 1808,
721 4105 750 4155 de
769 4122 874 4171 agrorum
892 4121 1050 4168 perrenorum
1065 4101 1126 4165 juri·
