2738 4740
555 481 594 542 77

90 667 224 731 insecuta
246 674 316 728 sunt
336 675 400 727 tum
419 661 551 726 edictum
570 661 599 725 d.
616 666 653 723 17
675 661 850 725 Decembris
861 664 883 738 ¹,
899 683 971 749 quo,
987 664 1052 727 ino·

90 781 170 865 piam
185 777 227 842 rei
242 777 384 863 publicae
395 774 572 840 sublevandi
585 774 696 861 gratid,
708 775 833 840 alienari
844 775 937 842 licere
949 776 1053 843 doma·

89 892 139 956 nia
155 892 233 978 regis
251 891 485 977 pronuntiatum
503 897 560 952 est:
580 887 663 974 quod
680 898 781 951 tamen
801 888 948 971 placitum
974 912 1054 955 anno

88 1003 213 1068 demum
236 1012 383 1088 sequente
405 1001 438 1088 (6
453 997 643 1085 Novembris)
663 1000 739 1084 legis
757 999 875 1084 accepit
893 1003 1055 1066 auctorita·

89 1126 160 1192 tem,
173 1126 334 1200 postquam
351 1115 383 1177 in
394 1113 547 1177 nonnullis
558 1110 719 1197 provinciis
730 1110 904 1196 superstites
914 1111 1054 1177 ordinum

88 1239 193 1293 coetus
218 1249 271 1290 sua
300 1225 377 1290 illud
403 1225 578 1289 adsensione
601 1223 859 1289 confirmavissent
881 1222 910 1287 ²:
933 1234 998 1287 tum
1022 1224 1053 1288 d.

88 1344 132 1405 29
153 1338 331 1402 Decembris
351 1336 510 1400 decretum
526 1335 550 1410 ³,
573 1357 646 1421 quo,
667 1338 691 1399 si
714 1335 933 1401 ordinationem
954 1336 982 1400 ei
1001 1336 1057 1401 ad-

85 1453 200 1537 jungas
213 1448 243 1515 d.
263 1452 304 1513 27
320 1448 447 1514 Octobr.
464 1471 491 1513 a.
516 1450 599 1514 1810
615 1448 639 1524 ⁴,
656 1446 910 1511 administrandae
930 1446 1057 1512 civitatis

92 1563 168 1627 ratio
179 1562 337 1647 formaque
347 1561 545 1646 probabiliter
556 1560 721 1625 admodum
732 1559 910 1625 emendatae
919 1561 1045 1624 luerunt

89 1679 126 1742 ln
146 1697 208 1763 quo
222 1674 344 1738 decreto
358 1673 445 1737 nobis
462 1673 587 1759 quidem
608 1671 685 1737 illud
697 1694 769 1757 prae
780 1673 907 1737 caeteris
918 1672 1055 1738 animad-

89 1786 269 1852 vertendum
287 1785 380 1860 veuit,
401 1783 484 1869 quod
504 1782 603 1848 ibide
622 1783 764 1847 ordinum
784 1783 930 1871 delegatis
949 1784 1055 1850 mode·

90 1910 222 1965 ratorum
253 1897 284 1960 in
319 1917 507 1983 unoquoque
536 1894 674 1961 districtu
710 1895 1053 1985 (flegierungsbeairke)

88 2013 217 2100 collegio
236 2009 442 2087 adsociandis,
458 2010 525 2094 pari
543 2020 636 2095 atque
654 2010 715 2074 illis
733 2010 845 2074 futuris
865 2012 1054 2089 auctoritate,

88 2128 237 2193 sancitum
260 2124 392 2212 legimus
409 2123 434 2186 ⁵.
481 2123 547 2187 Hoc
571 2122 653 2186 enim
671 2122 741 2186 ideo
763 2122 874 2207 suscipi
895 2121 1056 2188 dicebatur

90 2237 264 2315 consilium,
287 2246 322 2300 ut
339 2235 453 2300 arctior
469 2234 550 2297 inter
565 2235 759 2320 magistratus
777 2234 990 2320 populumque
1007 2234 1055 2299 in·

89 2349 245 2416 tercedens
277 2347 468 2414 necessitudo
499 2344 642 2410 fiduciam
671 2344 746 2412 buic
778 2347 885 2434 reique
914 2347 1057 2434 publicae

89 2462 223 2528 studium
252 2462 346 2526 aleret
376 2471 576 2547 augeretque,
606 2460 702 2545 ipsam
724 2462 936 2526 communium
957 2484 1054 2552 nego·

89 2576 200 2640 tiorum
223 2575 432 2641 tractationem
452 2574 604 2638 utiliorem
622 2574 885 2662 efficaciorcmque
905 2575 1054 2652 redderet,

89 2686 216 2753 vitandis
235 2687 439 2773 tollendisque
458 2686 602 2751 abusibus
621 2687 799 2772 ampliorem
815 2688 976 2771 praeberet
998 2711 1056 2774 op-

89 2801 306 2884 portunitatem
323 2800 345 2865 ⁶.
393 2800 434 2864 Ar
460 2798 543 2863 irrita
573 2808 647 2863 tunc
673 2799 724 2863 illa
756 2799 865 2863 mansit
886 2801 1055 2885 promissio.

90 2913 205 2980 Verum
233 2913 270 2977 ad
297 2911 453 2998 regiminis
474 2911 716 2976 emendationem
743 2910 867 2975 omnino
887 2912 1055 2995 pertinuit,

90 3025 174 3112 quod
187 3025 251 3109 jam
269 3047 350 3090 anno
375 3029 457 3092 1807
481 3030 536 3112 (10
559 3024 698 3107 Octobr.)
717 3023 874 3089 decretum
894 3025 1055 3108 reperitur,

90 3141 123 3205 in
144 3138 274 3223 publicis
294 3139 471 3204 muneribus
485 3138 677 3204 conferendis
695 3137 814 3200 virtutis
828 3145 947 3199 tantum
963 3146 1057 3222 atque

91 3251 231 3337 peritiae,
255 3248 335 3314 baud
363 3273 434 3315 vero
458 3251 621 3316 nobilitatis
646 3248 758 3314 debinc
777 3248 924 3313 rationem
951 3247 1056 3314 baberi

91 3361 273 3449 oporteret.
319 3363 409 3445 Quod
434 3354 477 3428 uti
499 3366 618 3450 generis
639 3362 801 3429 discrimen
827 3362 992 3445 spectabat,
1015 3361 1055 3427 ita

90 3477 121 3541 iu
137 3476 228 3542 sacris
252 3499 376 3542 omnem
394 3477 475 3543 circa
486 3479 556 3563 jura
578 3477 701 3562 publiea
721 3474 946 3541 catholicorum
964 3486 1057 3562 atque

125 3711 134 3744 ¹
154 3714 245 3776 Binan,
261 3713 319 3761 ibid.
337 3731 360 3775 p.
378 3710 421 3774 97,
440 3709 482 3762 91.

124 3806 135 3840 ²
152 3808 243 3868 111111,
252 3825 275 3869 p.
285 3805 327 3859 923
340 3806 420 3854 Lexie.
431 3805 502 3852 Polis.
510 3805 528 3851 1.
536 3819 557 3851 a.
568 3821 592 3866 p.
601 3801 643 3852 68.

74 3920 78 3928 ·
124 3901 135 3932 ³
152 3903 279 3961 henou,
291 3900 349 3948 ibid.
367 3906 454 3960 antro,
469 3898 528 3946 1111.
544 3915 568 3960 p.
584 3895 693 3946 tte-96.
711 3907 839 3958 auen-op.
852 3911 873 3944 c.
884 3893 897 3961 1
909 3892 1032 3960 281111.

123 3992 135 4024 ⁸
151 3995 245 4053 Biuo,
259 3993 316 4042 ibid.
333 4004 414 4054 mos,
428 3990 485 4040 ibid.

126 4084 136 4116 ¹⁵
152 4085 227 4135 Ediet.
242 4085 266 4132 d.
283 4083 316 4133 27
333 4085 383 4133 Oct.
394 4083 494 4148 1810,p
504 4082 545 4130 17.
563 4083 614 4131 Vid.
624 4083 702 4133 Lenis.
711 4082 809 4131 Polisl.
819 4097 841 4129 e.
851 4100 873 4144 p.
886 4080 928 4131 68.

126 4177 137 4210 ⁸
156 4177 281 4227 1111111.
294 4175 539 4243 §l8‚coll.prooern.
679 4175 690 4209 ⁷
709 4178 797 4240 111111,
814 4176 871 4225 ibid.
891 4194 913 4239 p.
931 4174 974 4226 91.
