2738 4740
619 418 679 482 167

162 625 364 688 possessorum
385 601 601 688 jurisdictione
621 601 824 688 patrimoniali
853 601 933 666 haud
955 603 1129 681 utentium,

163 728 199 781 ut
226 716 363 782 similiter
388 717 480 803 plenu
501 717 641 781 fruantur
664 716 697 779 in
720 737 776 780 suo
793 714 931 780 districtu
952 717 996 781 rei
1016 718 1128 782 immo-

162 829 230 894 bilis
251 829 388 895 dominio
406 840 477 894 ante
496 829 661 893 triennium
682 827 831 914 acquisito
848 849 885 892 ac
903 840 1027 915 propter
1045 827 1129 916 quod

161 943 293 1029 simplici
313 942 419 1007 tributi
439 942 585 1027 pensione
605 942 634 1006 X
654 940 692 1006 ad
709 939 875 1005 minimum
895 952 1057 1026 graventur
1073 942 1131 1006 flo-

163 1078 307 1122 renorum
323 1055 347 1124 ¹.

206 1169 239 1233 Si
264 1167 349 1254 quis,
373 1188 445 1232 cum
469 1166 501 1230 in
524 1165 663 1252 pluribus
690 1163 879 1231 districtibus
909 1174 963 1228 aut
995 1163 1130 1248 plurium

163 1282 195 1344 in
228 1280 335 1346 eodem
372 1279 511 1345 districtu
551 1277 694 1344 ordinum
729 1278 854 1344 nomine
889 1277 962 1365 eligi
994 1277 1132 1365 legitime

164 1393 316 1478 potuerit,
341 1392 372 1455 in
393 1391 532 1477 pluribus
558 1412 686 1478 quoque
700 1392 757 1455 rel
777 1390 963 1457 districtibus
981 1392 1029 1458 vel
1049 1389 1131 1455 ordi·

165 1505 256 1569 nibus
286 1504 404 1590 legatus
431 1503 605 1589 designatus
636 1504 747 1584 luerit,
785 1503 859 1569 huie
888 1524 982 1567 unam
1011 1514 1131 1569 tantum

165 1628 289 1703 propter
316 1618 499 1682 electionem
529 1618 628 1683 oblata
657 1616 837 1683 mandatarii
865 1616 1013 1705 dignitate
1043 1618 1133 1706 iungi

165 1730 254 1808 lieet,
277 1730 362 1796 illam
382 1730 538 1809 nimirum,
561 1751 643 1816 quae
663 1729 770 1814 majori
792 1731 919 1795 caeteris
943 1731 1132 1795 calculorum

165 1866 295 1909 numero
309 1843 347 1909 ad
368 1844 460 1907 istum
481 1842 649 1930 gerendum
665 1841 813 1907 honorem
826 1865 897 1908 eum
909 1842 1096 1928 promoverit
1107 1842 1133 1909 ².

208 1955 333 2038 Quoties
365 1977 401 2020 ex
432 1954 509 2041 legis
530 1953 674 2040 publicae
704 1956 762 2018 Tit.
786 1956 830 2023 vt
856 1961 874 2043 ς
896 1959 936 2020 13
963 1954 1133 2041 praeceptis

163 2068 201 2134 ad
221 2067 449 2134 instaurandam
467 2068 638 2154 legatorum
651 2066 832 2132 electionem
843 2067 1061 2131 transeundum
1077 2078 1133 2147 est,

164 2193 238 2267 quot
269 2178 449 2245 mandatarii
481 2179 609 2265 singulis
638 2199 695 2262 pro
722 2176 910 2241 districtibus
942 2178 1134 2264 singulisque

165 2295 321 2359 ordinibus
345 2292 499 2357 nominari
516 2290 662 2368 debeant,
684 2290 808 2375 publice
825 2290 1016 2375 pronuntiari
1033 2290 1132 2378 desig-

166 2406 335 2490 nandisque
358 2404 464 2492 legatis
486 2403 679 2468 comitiorum
708 2425 726 2467 a
755 2403 914 2488 praeleelis
935 2403 1132 2490 provinciali·

165 2522 224 2585 bus
246 2519 370 2587 decerni
391 2520 467 2583 solet
486 2517 650 2584 celebratio
669 2516 693 2584 ³.

208 2633 314 2715 Quiris
330 2633 501 2718 legatorum
521 2629 644 2709 elector,
654 2641 726 2697 ente
744 2632 926 2697 electionem
943 2629 1129 2711 obeundam,

160 2745 387 2832 jusjurandum,
410 2745 473 2831 leg.
494 2744 569 2829 pub.
590 2744 696 2809 Tiax
722 2748 779 2832 §3
804 2753 1021 2829 praeceptum:
1046 2744 1131 2829 »regi

165 2885 196 2925 se
226 2860 332 2937 fidem,
361 2857 542 2943 obsequium
572 2856 690 2942 legibus
718 2867 907 2920 servaturum
936 2855 1130 2919 constitutio-

166 2994 298 3057 nemque
315 2973 358 3035 rei
377 2970 518 3056 publicae
540 2968 802 3034 custoditurum:’'
824 2967 839 3010 t
860 2966 916 3030 nisi
938 2976 1026 3030 antea
1043 2989 1133 3052 prae-

167 3085 293 3160 stiterit,
317 3083 444 3147 recitare
466 3092 560 3166 atque
586 3080 710 3166 insuper
738 3077 816 3144 bano
839 3077 1043 3162 promissionis
1067 3079 1128 3142 lor·

166 3198 281 3261 mulam
307 3195 396 3260 edere
415 3206 555 3259 tenetur:
582 3192 743 3280 »Spondeo
760 3191 938 3278 suffragium
960 3214 1010 3256 me
1025 3214 1128 3258 meum

168 3333 202 3374 ex
231 3309 325 3373 libera
345 3308 515 3395 intimaque
542 3308 636 3374 animi
662 3307 856 3393 persuasione
878 3305 1032 3370 editurum
1058 3328 1131 3383 esse,

168 3469 355 3481 -..u—*—

201 3564 288 3613 ¹lbid.
304 3565 323 3614 l.
341 3583 362 3614 e.
379 3567 392 3631 d
408 3564 434 3614 8.
718 3566 806 3615 ’thiu
826 3564 971 3630 t.c.§10.

201 3657 211 3690 ³
228 3657 289 3706 lbid.
307 3658 326 3706 l.
342 3673 364 3706 e.
383 3657 397 3722 d
414 3656 456 3720 ll,
474 3659 531 3706 coll.
548 3658 628 3708 Consi.
646 3657 680 3706 26
698 3660 753 3722 ttsji
771 3655 848 3718 1818,
866 3659 892 3705 T.
911 3658 949 3718 ll,
967 3658 980 3722 ᾗ
998 3653 1037 3704 13.

201 3748 299 3800 ‘illle
322 3750 485 3813 Suatsbrirger
507 3750 560 3798 sind
583 3750 621 3798 bei
646 3750 688 3799 der
713 3747 937 3812 Ansisslgmsobung
960 3747 1010 3796 und
1031 3748 1070 3796 bei
1090 3747 1131 3796 der

165 3844 320 3906 eilge-einen
345 3841 583 3905 Landesbuldignng‚
600 3860 627 3889 ιο
645 3842 690 3889 wie
706 3842 755 3889 elle
771 3840 930 3891 Strntsdiener
946 3841 986 3888 bei
1001 3839 1065 3888 ibren
1081 3844 1128 3889 ln·

166 3938 270 4001 stellung
287 3936 431 3992 verbunden,
443 3935 568 3998 folgenden
579 3935 619 3982 nid
637 3934 781 3997 obsulegen:
801 3933 857 3983 »leb
875 3934 981 3983 sebvrbre
995 3935 1069 3983 Trans
1079 3934 1130 3984 dein

166 4031 265 4094 surige,
282 4030 407 4078 Geborrarn
425 4029 476 4075 dem
494 4028 590 4075 Genetes
608 4026 657 4074 und
675 4026 842 4091 Beobeclrtnng
858 4026 1130 4091 derStntererlrrsung:

167 4138 193 4168 sc
206 4123 270 4170 wolsr
279 4125 321 4170 rnir
330 4125 384 4170 Gott
396 4122 469 4183 belle,
483 4121 530 4170 ttnd
542 4122 591 4170 sein
601 4121 699 4183 heiligen
710 4121 907 4185 Evangeliunrl””
918 4125 995 4174 Corra.
1007 4124 1034 4173 T.
1044 4121 1129 4188 X‚§3.·
