2738 4740
606 404 646 462 37

138 586 276 652 omnium
306 585 447 652 ordinum
475 585 563 651 sociis
592 585 781 671 conjunctim
800 586 936 653 instituta
959 585 1107 671 discepta-

139 701 238 776 tione,
270 721 365 785 quam
397 699 590 786 comprobari
621 698 825 784 plurimorum
853 722 889 763 er
918 699 955 762 iis
977 699 1107 764 adsensu

137 825 314 899 appareret,
351 811 480 889 debinc,
516 823 675 897 tamquam
707 810 798 876 totius
827 822 1011 889 conventus,
1044 824 1108 877 rata

137 924 301 992 haberetur
319 927 486 991 sententia:
508 947 614 989 rerum
633 923 790 988 universos
811 922 941 1000 ordines,
962 925 993 986 in
1012 946 1105 990 com-

138 1059 233 1103 muue
258 1038 400 1124 prolatis,
422 1061 502 1126 quae
523 1036 683 1123 separatim
707 1037 821 1123 singuli
845 1034 1107 1112 deliberavissent,

137 1150 237 1216 debis
260 1152 292 1216 in
314 1174 414 1216 uuum
435 1151 596 1236 placitum,
620 1158 772 1235 quantum
798 1147 865 1213 lieri
888 1159 998 1235 posset,
1019 1148 1107 1212 redi-

139 1264 247 1352 gendis
271 1266 443 1330 consultare
464 1263 608 1351 deinceps
626 1262 801 1340 insuevisse,
826 1264 867 1327 ita
889 1272 992 1327 umen
1017 1273 1111 1326 utne

136 1378 170 1440 in
198 1377 253 1441 ista
272 1377 399 1464 quidem
419 1377 637 1442 deliberatione
659 1387 807 1463 perpetuo
829 1399 875 1440 res
894 1375 1109 1462 suffragiorum

140 1488 339 1553 multitudiue
357 1488 580 1566 absolveretur,
600 1510 707 1553 rerum
735 1510 839 1574 saepe,
864 1509 964 1574 quum
995 1490 1026 1553 iu
1056 1511 1111 1553 sua

141 1601 273 1687 quisque
296 1602 370 1666 ordo
391 1600 613 1688 persistendum
635 1602 694 1665 sibi
716 1599 845 1666 duceret
866 1601 1029 1686 opinione,
1053 1601 1111 1666 alia

140 1713 213 1779 inde
243 1718 283 1780 ab
314 1716 380 1780 aliis
406 1715 518 1801 placita
546 1715 757 1799 reciperentur
774 1715 796 1778 ¹.
841 1713 944 1797 Quem
976 1713 1113 1798 profecto

142 1827 234 1892 ritum
269 1828 306 1892 iis
335 1827 511 1914 principiis,
542 1827 655 1915 quibus
689 1826 845 1912 antiquari
878 1836 977 1890 aetate
1014 1826 1112 1891 omnis

141 1963 245 2006 rerum
274 1940 470 2028 publicarum
492 1942 594 2006 innixa
617 1941 710 2005 luerit
736 1939 870 2006 conditio
891 1960 1034 2028 quaeque
1053 1962 1113 2005 nce
1190 1995 1194 2002 .

141 2064 243 2139 postea
282 2053 310 2115 ri
337 2076 390 2118 sua
421 2064 452 2118 ct
485 2053 664 2119 efficacitate
694 2053 725 2116 iu
755 2051 941 2137 populorum
972 2051 1113 2116 instituta

141 2167 305 2245 caruerint,
329 2168 422 2232 unice
444 2167 620 2242 convenire,
642 2165 784 2229 omnibus
807 2163 936 2249 planum
957 2185 1020 2228 esse
1037 2165 1113 2227 exis-

141 2281 293 2345 timamus.
339 2278 399 2344 Sed
419 2301 491 2344 curn
516 2278 624 2342 eodem
644 2276 735 2341 etiam
748 2274 908 2353 cohaeret,
925 2275 1020 2362 quod,
1039 2298 1115 2362 pro-

142 2403 210 2478 pter
220 2393 351 2479 insigne,
360 2414 424 2479 quo
439 2391 553 2480 singuli
569 2390 689 2455 ordines
700 2389 873 2472 valuerunt,
883 2390 1020 2455 studium
1032 2389 1115 2455 illius

142 2508 174 2570 in
194 2505 325 2591 publicis
344 2505 488 2571 oneribus
507 2503 706 2590 suscipiendis
723 2503 860 2592 integrae
878 2503 933 2568 sibi
949 2503 1115 2570 servandae

144 2618 335 2693 conditionis,
355 2641 450 2707 quam
468 2618 541 2683 olim
560 2628 717 2703 acceptam
739 2615 801 2682 buc
819 2639 918 2704 usque
937 2616 995 2682 sibi
1015 2616 1115 2682 viudi-

144 2733 299 2809 oorissent,
322 2732 403 2796 circa
424 2729 621 2816 vectigalium
641 2730 832 2815 potissimum
852 2728 1113 2814 adprobationem,

144 2844 267 2909 dirersis
299 2843 466 2909 admodum
497 2844 578 2908 iuter
602 2865 634 2908 se
663 2843 784 2930 legibus
821 2853 852 2905 et
881 2842 1116 2928 obligationibus

146 2959 326 3022 submittere
344 2958 390 3021 illi
409 2969 504 3023 semet
524 2956 699 3022 debuerunt
718 2956 742 3022 ².
774 2956 902 3031 Verum,
917 2965 952 3017 ut
971 2976 1017 3031 eo,
1035 2953 1117 3018 uude

147 3070 270 3157 digressi
302 3093 427 3148 sumus,
455 3071 635 3147 redeamus,
660 3069 778 3155 quoties
800 3070 833 3132 in
861 3066 1116 3134 Germanicarum

147 3182 269 3248 historia
288 3182 446 3248 civitatum
467 3184 589 3249 decreta
609 3182 741 3269 legimus
768 3180 836 3245 ideo
860 3178 985 3265 publica
1011 3190 1117 3246 aucto·

148 3295 236 3359 ritate
258 3294 349 3359 luisse
375 3307 505 3382 recepta,
528 3295 612 3383 quod
632 3295 731 3378 major
753 3291 896 3358 ordinum
918 3313 1064 3356 numerus
1085 3293 1116 3357 in

148 3431 183 3473 ea
209 3407 423 3485 consensisset,
455 3409 494 3473 sb
527 3408 622 3494 ipsius
653 3405 802 3492 proficisci
831 3405 986 3469 voluntate
1012 3406 1117 3489 populi

147 3521 265 3587 conseri
282 3521 327 3586 sic
349 3531 467 3586 tautum
490 3521 596 3587 eadem
617 3529 793 3606 potuerunt,
819 3517 903 3603 quod
925 3539 959 3578 cr
986 3517 1020 3579 iis
1041 3517 1119 3580 clas·

145 3637 237 3713 sibus,
259 3656 391 3721 quarum
412 3646 526 3699 certam
544 3634 649 3720 populi
667 3644 781 3718 partem
801 3651 1005 3715 unaquaeque
1025 3653 1117 3695 coru-

185 3922 191 3953 ¹
210 3925 337 3984 Etmanes,
357 3922 382 3970 l.
402 3924 445 3979 lll,
463 3922 477 3988 p
496 3919 561 3979 426;
581 3922 638 3971 coll.
675 3934 789 3980 tubunas,
813 3920 895 3969 Gcscb.
914 3920 955 3968 der
975 3920 1120 3968 lnndst'a'ude

149 4017 172 4063 in
191 4017 292 4079 Bagcrn,
313 4016 337 4062 l.
357 4015 390 4077 ll,
407 4033 430 4078 p.
451 4013 509 4075 100,
528 4032 565 4076 sq.

183 4111 194 4141 l
213 4111 338 4171 Erounonn,
355 4109 413 4167 ibid,
432 4127 455 4170 p.
474 4106 534 4169 239,
552 4105 603 4155 240
620 4115 643 4154 ct
662 4115 710 4154 not.
731 4107 803 4167 b-e,
822 4106 847 4154 l.
860 4107 896 4165 ll,
915 4107 941 4173 lp
955 4107 1004 4155 547
1023 4103 1121 4154 s1595.
