2738 4740
650 467 711 529 277

199 644 347 719 vinciates,
358 665 414 730 pro
434 646 574 710 universo
591 657 694 709 autem
712 667 817 733 regno,
834 644 1032 724 universales;
1043 643 1081 708 de
1101 644 1159 707 iliis

194 757 258 838 jam
272 756 425 832 dicamus,
448 757 487 822 de
508 755 553 820 bis
572 760 711 843 sequenti
730 759 791 844 §¹³⁵⁰
806 757 897 821 visuri
917 778 1030 821 sumus.

240 871 467 935 Enumerantur
480 869 512 933 in
527 870 633 956 §legis
648 870 790 955 publicae
804 874 971 954 seraptem
982 878 1079 955 partes
1097 869 1160 932 rire

197 982 368 1063 provinciae
385 982 471 1067 regni
486 982 690 1058 Hanoserani,
705 983 816 1068 quibus
834 983 960 1070 singulis
976 980 1095 1067 singula
1109 1001 1161 1044 or-

197 1093 302 1158 dinum
312 1094 442 1180 collegia
451 1094 669 1161 attribuuntur.
681 1094 930 1182 Unumquodque
940 1104 1043 1158 autem
1057 1092 1160 1157 eolle-

198 1207 282 1291 giam
292 1207 371 1270 binis
381 1206 473 1271 curiis
484 1207 690 1284 continetur¹‚
702 1229 832 1295 quarum
843 1209 936 1273 attera
947 1205 1161 1293 complectitur

198 1329 263 1382 tum
277 1318 433 1402 praelatos,
442 1317 554 1404 quibus
571 1318 603 1383 in
617 1320 692 1385 locis
702 1319 735 1384 bi
744 1319 900 1384 ordinibus
911 1319 1161 1392 adnumerantur,

199 1440 264 1492 tum
282 1429 410 1515 equites;
428 1430 466 1494 ad
481 1430 612 1495 alterum
623 1453 694 1496 vero
705 1431 858 1517 pertinent
870 1431 964 1519 iegati
979 1429 1103 1494 urbium
1110 1429 1162 1512 jus

198 1541 330 1629 suffragii
339 1541 520 1609 habentium
529 1555 728 1630 acpraeterea
738 1567 918 1632 possessores
928 1544 1094 1612 fundorum
1103 1542 1161 1618 iili,

198 1656 324 1740 quinon
341 1668 413 1721 sunt
429 1679 465 1722 ex
484 1656 593 1722 ordine
617 1658 778 1746 equitatus.
814 1658 1045 1725 Observandum
1059 1668 1161 1722 tamen

197 1779 256 1845 est,
281 1790 361 1856 quae
389 1769 563 1855 provinciae
587 1771 660 1835 olim
681 1781 740 1836 tres
761 1769 925 1836 habuerint
942 1768 1085 1834 ordinum
1104 1789 1162 1833 cu·

198 1878 269 1962 rias,
293 1881 416 1946 urbium
438 1881 594 1968 legatisac
615 1882 742 1968 plebejis
760 1881 978 1970 possessoribus
1001 1880 1175 1966 separatim.

198 1992 333 2080 utrisque
355 1996 640 2082 congredientibus,
666 1995 754 2061 iniis
782 2018 897 2061 morem
919 1996 1019 2072 illum,
1031 1994 1162 2079 jubente

196 2104 264 2190 tege
283 2105 426 2190 publica,
455 2116 604 2172 serratum
631 2128 709 2182 esse,
738 2107 795 2170 nisi
819 2106 933 2173 alieubi
954 2106 993 2171 de
1015 2103 1160 2181 mutanda

196 2217 247 2282 ilia
269 2219 387 2284 ratione
415 2228 540 2303 pactum
564 2240 635 2284 cum
661 2218 819 2284 ordinibus
844 2219 995 2283 inituma
1024 2215 1162 2300 principe

196 2329 299 2394 suisset
316 2330 340 2396 ².

240 2442 348 2507 Parem
361 2453 463 2508 autem
476 2446 524 2510 ier
535 2445 672 2510 attribuit
688 2445 811 2534 utrique
825 2447 928 2512 curiae
937 2443 1161 2516 auctoritatem,

198 2574 301 2617 rerum
321 2554 492 2638 constituit,
512 2569 545 2623 ut
563 2559 602 2625 de
622 2561 742 2625 iuterna
762 2560 876 2625 ratione
897 2582 934 2624 ac
958 2555 1162 2642 descriptione

197 2665 395 2753 collegiorum
426 2667 568 2734 ordinum
603 2672 854 2756 provincialium,
890 2682 956 2735 turn
985 2664 1161 2755 praesertim

196 2776 350 2844 curiarum
372 2780 500 2867 singulis
519 2781 752 2859 attributamm,
774 2784 854 2847 intra
874 2782 999 2846 triennii
1018 2779 1160 2863 spatium,

197 2889 333 2966 ulterius,
349 2890 440 2955 modo
452 2893 601 2980 legitimo,
616 2893 841 2971 decerneretur,
850 2915 994 2980 quaeque
1004 2889 1162 2956 tractanda

196 3013 403 3084 superessent,
426 3005 466 3068 ab
494 3004 714 3089 imperantibus
743 3006 904 3091 separatim
936 3024 1009 3068 cum
1037 3000 1164 3086 singulis

196 3112 358 3195 provinciis
373 3125 600 3200 peragerentur.
634 3117 721 3198 Quae
734 3116 832 3183 donec
848 3117 886 3182 ad
902 3115 995 3180 finem
1015 3114 1162 3199 perducta

195 3227 305 3304 forent,
326 3237 476 3313 quatenus
496 3226 535 3293 de
550 3231 726 3315 quarumds
745 3252 849 3295 rerum
871 3228 1046 3295 conditione
1064 3233 1161 3298 sanci-

198 3351 262 3403 tum
283 3340 419 3404 nondum
439 3351 532 3418 esset,
548 3341 654 3406 eadem
671 3343 798 3430 singulis
814 3340 977 3428 provinciis
990 3343 1062 3426 jura
1082 3346 1160 3409 salva

197 3472 330 3529 manere,
344 3452 456 3538 quibus
473 3453 600 3520 antebac
617 3477 689 3520 urae
701 3456 773 3521 iliae
783 3446 921 3529 fuissent,
937 3452 1105 3518 dummodo
1123 3479 1163 3523 ne

197 3564 271 3629 baec
288 3565 428 3649 publicae
448 3567 524 3654 tegis
546 3567 663 3652 placitis
685 3568 788 3654 aliqua
803 3576 891 3652 parte
914 3579 1122 3651 repugnarent
1136 3569 1158 3634 ³.

196 3678 359 3743 Decretum
384 3690 485 3745 tamen
507 3682 553 3744 ret
579 3680 640 3765 ipsa
665 3681 717 3746 itia
743 3682 813 3768 iege
834 3679 905 3756 tuit,
922 3688 959 3743 ut
976 3683 1162 3748 necessarius

196 3791 337 3857 ordinum
355 3792 586 3878 provincialium
611 3816 772 3859 consensus
792 3792 957 3878 baberetur
976 3792 1058 3857 circa
1079 3797 1161 3863 nulia

232 4071 237 4100 ¹
258 4072 305 4120 Lex
323 4073 389 4134 pubi.
407 4074 497 4121 Hunos.
515 4071 549 4120 26
567 4074 630 4136 Sept.
650 4070 724 4133 1833,
741 4073 753 4123 d
773 4072 814 4133 75,
836 4072 869 4119 al.
890 4068 913 4116 l.

229 4163 393 4231 ’lbiddia'q
404 4164 519 4215 atu-t.
687 4161 991 4230 ttbtt.q·tt,oott.pttt.
