2738 4740
684 423 752 486 206

235 632 401 709 contineri,
432 631 587 695 nullorum
618 628 718 716 igitur
749 630 975 715 cujuscumque
1006 627 1133 714 poene
1155 639 1204 694 aat

236 744 450 811 mandatorum
469 754 523 808 aut
544 744 741 827 querelarum
764 740 1062 828 supplicationumse
1089 739 1205 808 admitti

236 859 276 923 ab
310 857 434 921 illorum
462 852 650 940 praesidibus
682 853 919 941 propositionem
954 853 1051 919 licere
1080 855 1106 920 ¹.
1153 853 1205 922 (lai

237 969 335 1035 simile
353 979 408 1045 est,
431 966 515 1054 quod
534 966 571 1032 ad
594 967 710 1033 calcem
732 965 824 1033 edicti
844 966 978 1045 offertur,
997 978 1206 1055 praeoptem,

237 1082 350 1170 singsdi
370 1079 502 1168 delegati
520 1079 771 1167 quandoquidem
786 1100 889 1167 nequo
906 1079 1009 1160 illius,
1031 1079 1118 1148 uude
1129 1081 1208 1147 missi

237 1197 363 1273 luerint,
385 1193 558 1281 provinciae
577 1214 680 1279 neque
700 1192 830 1271 ordinis,
851 1193 905 1282 qul
923 1214 973 1258 eos
993 1192 1206 1282 designaverit,

238 1331 347 1375 rerum
373 1304 487 1373 civium
515 1307 629 1393 pariter
657 1307 869 1372 uuirersomm
902 1324 1026 1372 oausam
1058 1304 1208 1394 agendam

238 1423 391 1508 suscipere
427 1419 654 1485 existimentur:
700 1418 781 1505 quod
818 1440 891 1482 saue
925 1417 1210 1504 repraesentationis

239 1537 273 1601 in
298 1533 470 1601 civitatibus
494 1543 621 1597 naturae
645 1553 738 1618 quam
764 1528 855 1596 unice
878 1530 917 1595 sit
932 1531 1209 1609 accommodatum,

239 1669 331 1713 nemo
356 1657 402 1712 est
424 1644 500 1731 quin
529 1643 698 1730 intelligat:
720 1664 823 1731 neque
841 1643 882 1709 ab
904 1643 1095 1709 electoribus
1115 1645 1160 1710 las
1178 1643 1211 1709 iis

240 1781 305 1825 osse
329 1757 469 1841 accipere
494 1776 586 1840 super
606 1754 765 1842 legationis
794 1754 953 1820 obeundae
978 1756 1042 1821 ritu
1075 1755 1213 1823 admoui·

241 1871 330 1936 torias
342 1869 491 1956 epistolas,
501 1887 605 1954 nequo
615 1868 648 1931 in
658 1867 790 1953 publicis
803 1868 1034 1955 quaestiouibus
1049 1869 1214 1938 tractandis

240 1980 492 2049 consultationem
519 1999 591 2045 cum
621 1978 730 2045 iisdem
757 1982 932 2061 instituere3
955 1979 1004 2046 his
1032 1985 1122 2049 enim
1144 2004 1215 2051 eoo·

241 2097 348 2179 cessis,
371 2094 438 2160 fieri
456 2114 519 2159 uon
546 2114 653 2180 posse,
675 2093 751 2180 quio
773 2116 792 2159 a
815 2094 907 2159 totius
932 2095 1051 2181 patriae
1073 2097 1217 2165 felicitate

240 2207 447 2295 integerrime,
455 2215 670 2293 quantumque
678 2206 756 2271 vires
764 2206 876 2284 sinant,
884 2205 1098 2274 efficacissime
1109 2209 1216 2276 tuenda

241 2320 496 2407 exaugeudaque,
529 2320 696 2409 pessimum
725 2318 760 2384 in
788 2318 917 2384 modum
942 2319 1082 2409 delegati
1104 2333 1216 2389 aserto-

242 2443 348 2498 rentur
369 2431 395 2498 ².
436 2430 608 2496 Prudenter
637 2452 763 2519 quoquo
791 2433 995 2519 legislatorem
1031 2456 1088 2502 eos
1109 2446 1219 2503 ‘omnes

243 2542 395 2609 cohortari
411 2541 521 2620 rideas,
543 2542 655 2628 quibus
675 2543 713 2609 ad
731 2544 929 2610 modersudas
944 2545 1118 2613 electiones
1131 2547 1218 2636 quid-

242 2677 337 2744 quam
350 2655 443 2721 suerit
460 2654 640 2720 attributum
659 2658 856 2736 auctoritatis,
871 2656 992 2742 judices
1014 2660 1137 2729 scilicet
1160 2672 1218 2726 tam

243 2771 358 2836 rurales
368 2787 463 2856 quam
480 2769 642 2855 superioris
657 2768 770 2862 ordinis
785 2769 985 2855 toparclrales,
998 2775 1220 2840 commissarios

242 2895 367 2972 propter
384 2883 485 2970 ipsum
503 2881 563 2948 lros
581 2882 717 2949 officium
735 2906 752 2948 o
771 2904 844 2970 rege
861 2884 1052 2964 nominatos,
1070 2886 1219 2974 praesides

245 3012 433 3024 ....--——--.

280 3078 288 3112 ¹
306 3080 368 3129 lbid.
385 3081 404 3130 l.
422 3097 444 3130 e.
461 3079 533 3147 tte.
991 3107 993 3113 ·

277 3171 289 3204 ²
306 3173 367 3221 lbid.
382 3174 409 3222 Τ.
425 3175 458 3234 ll,
471 3171 538 3240 §562
559 3171 639 3221 »lllteu
652 3190 679 3221 so
695 3171 772 3221 haben
785 3172 823 3222 die
836 3174 960 3223 sinselasu
975 3175 1222 3244 ludificando&

243 3267 269 3314 iu
286 3265 328 3314 der
342 3265 518 3328 lemarmluug
540 3265 628 3313 kainon
651 3265 785 3315 besoudera
803 3267 1041 3332 Regieraugsbsairk,
1061 3273 1154 3322 keinaa
1169 3291 1221 3323 aas·

243 3358 414 3421 gesohiedsneu
429 3358 503 3407 Staud
519 3359 575 3407 oder
590 3359 686 3422 Klasse,
702 3359 805 3408 soudaru
820 3360 867 3408 alle
881 3359 1045 3411 Uutsrtltaasa
1062 3365 1108 3415 des
1124 3367 1222 3418 Raiehss

244 3451 307 3501 olme
332 3449 485 3499 llutsraelriad
510 3469 540 3499 su
565 3460 684 3500 sertreteu
713 3450 805 3516 lrabeat,
828 3455 898 3503 ksius
920 3455 1070 3507 instruction
1091 3477 1141 3510 rou
1157 3459 1222 3511 ihu

200 3547 202 3553 '
244 3543 427 3594 wstlbeatrten
445 3543 501 3592 oder
522 3544 624 3593 Klasssu
641 3563 671 3594 su
690 3538 865 3609 ubernehmeu,
894 3548 965 3596 keiue
989 3549 1167 3615 Ram-preste
1185 3555 1224 3603 nit

244 3638 374 3687 deusellm
397 3655 427 3685 su
451 3637 551 3701 pdegeu,
575 3637 678 3686 sondern
701 3638 743 3686 des
767 3656 857 3702 garasan
883 3639 976 3689 Lsudss
1000 3643 1078 3694 wohl
1093 3647 1145 3696 aad
1160 3648 1226 3698 Μ

245 3732 396 3795 anbelaugsu
414 3730 463 3778 uad
480 3729 542 3779 olous
559 3730 742 3796 Besehriukuug
761 3733 822 3781 aaelr
838 3731 903 3782 ihrer
919 3734 1021 3798 sigeum
1033 3736 1128 3790 inum
1141 3742 1228 3793 utta·

247 3842 353 3892 zeugung
372 3825 422 3896 arrd
438 3824 506 3874 ihren
529 3824 699 3888 gesehrroruen
716 3826 830 3876 Pilielrtsu
848 3844 879 3876 su
894 3827 1041 3880 berathau.”
1079 3835 1151 3901 Qw
1170 3835 1229 3887 effi·

245 3921 308 3983 gotio
324 3920 396 3969 totius
404 3919 503 3982 patrius,
514 3918 583 3967 nullo
601 3919 690 3968 ordinis
704 3930 811 3983 respectu
825 3919 918 3983 habito,
932 3937 1032 3973 musam
1046 3928 1127 3979 uine
1140 3929 1233 3993 tandi,

246 4012 434 4076 iujurisjuraudi
444 4010 545 4059 lormult
556 4009 670 4074 delegatis
680 4011 788 4074 imposita
805 4011 886 4061 iisdem
905 4031 978 4077 prope
988 4019 1075 4070 verbis
1084 4024 1231 4074 continetur.

247 4105 297 4155 tit.
312 4104 411 4154 constit.
428 4101 462 4151 26
478 4103 534 4167 ttrji
551 4101 627 4166 1818,
643 4106 668 4152 Τ.
688 4104 740 4166 lll,
760 4103 826 4170 525.
