2738 4740
658 453 718 514 201

206 651 311 728 gentes
323 638 593 716 administratione,
603 636 807 703 indicentibus
813 633 980 720 judicibus,
992 647 1165 724 operantur,

205 763 324 838 praeter
337 749 550 828 mandatarios,
567 747 641 814 alios
660 746 785 812 totidem
802 768 837 811 er
853 748 1069 814 communione
1085 750 1167 815 circs

204 863 361 942 delectori,
371 885 449 951 quos
462 859 688 948 aegrotantibus
702 859 762 923 illis
776 858 904 924 aliamro
920 859 960 923 ob
975 879 1096 924 causam
1107 860 1165 925 im·

202 976 311 1062 peditis
327 976 425 1041 suffici
446 971 605 1059 oportebit.
649 971 742 1055 Cujus
761 970 806 1036 rei
824 981 964 1057 peractae
984 971 1166 1037 testificatio·

201 1109 273 1154 nem
295 1087 390 1152 literis
415 1086 640 1172 consignatam,
663 1083 920 1149 subscribentibus
948 1094 1014 1147 tum
1031 1082 1167 1169 praeside

203 1212 268 1265 tunr
288 1199 407 1264 duobus
429 1198 554 1283 insuper
571 1196 675 1274 sociis,
699 1217 771 1262 oum
797 1196 855 1260 isto
868 1194 1011 1280 judicum
1030 1215 1167 1279 corpore,
1280 1204 1287 1220 ⁸

202 1333 265 1397 quo
286 1321 410 1375 auctore
430 1312 508 1374 itum
527 1309 558 1374 in
583 1308 725 1395 suffragia
743 1308 853 1386 luerit,
875 1307 975 1371 atatim
996 1306 1167 1372 communi·

202 1423 265 1488 cari
286 1441 409 1486 necesse
434 1431 477 1485 est
491 1421 513 1487 ¹.
544 1419 745 1507 Designandis
764 1441 834 1485 rero
855 1420 924 1506 lege
941 1418 1165 1505 praescribitur,

202 1546 237 1600 ut
266 1533 468 1620 municipium
491 1506 681 1609 inhabitent,
713 1532 818 1619 viginti
850 1532 989 1619 quinque
1016 1532 1167 1615 annorum

201 1657 331 1714 aetatem
356 1646 540 1731 expleverint
560 1656 743 1732 tantumque
766 1645 821 1709 soli
841 1645 1021 1730 possideant,
1044 1655 1168 1731 propter

201 1758 284 1845 quod
305 1757 435 1844 simplici
454 1759 560 1823 tributi
581 1760 728 1845 pensione
746 1769 926 1823 censeantur
939 1759 1030 1823 trium
1049 1757 1087 1824 ad
1106 1757 1167 1822 mi-

199 1871 318 1936 nimum
338 1857 523 1936 llorenorum
536 1871 558 1937 ².
591 1871 751 1937 Caeterum
770 1870 791 1934 ii
809 1881 879 1936 sunt
898 1872 931 1934 in
947 1869 1075 1956 bujusce
1086 1871 1165 1957 juris

199 1982 382 2048 exercitione
401 1981 511 2070 gradus
533 1983 682 2061 instituti,
705 1995 741 2047 ut
758 2004 975 2069 quaecumque
998 1983 1165 2071 municipia

198 2094 336 2162 ducentis
355 2097 513 2182 pauciores
534 2096 710 2160 contineant
734 2094 877 2170 familias,
902 2093 948 2156 bis
973 2094 1085 2180 singuli
1106 2096 1166 2158 sint

197 2207 377 2272 mandatarii
392 2205 587 2286 nominandi;
603 2206 634 2268 in
657 2204 769 2290 quibus
790 2225 860 2268 vero
876 2203 1010 2269 ducenas
1029 2206 1166 2291 pluresve

197 2319 332 2383 inveniri
358 2327 550 2401 compertum
576 2317 632 2393 sit,
656 2315 731 2382 baec
752 2315 877 2381 totidem
897 2315 1026 2405 seligant
1048 2318 1166 2404 quoties

198 2442 340 2497 centenas
366 2429 481 2515 possint
504 2428 632 2494 familias
656 2427 800 2494 exhibere
816 2429 839 2495 ³.
884 2429 1054 2517 Designatis
1077 2452 1165 2496 man·

198 2542 336 2620 datariis,
359 2542 482 2630 quoeris
506 2542 591 2606 curia
612 2542 722 2607 ruralis
740 2563 776 2608 sc
799 2542 1099 2629 superioris-generis
1119 2556 1164 2609 to·

197 2653 347 2740 parobolis
366 2653 405 2719 ad
426 2635 553 2720 secundi
573 2653 684 2720 ordinis
703 2654 827 2720 comitia
848 2656 1052 2743 progreditur.
1076 2656 1164 2739 Quae

196 2767 268 2853 quia
299 2766 530 2853 provincialium
566 2767 732 2832 electorum
763 2767 949 2831 creationem
979 2769 1164 2853 respiciunt,

196 2880 298 2945 ridere
319 2881 431 2946 debent
452 2879 624 2964 provinciae
645 2879 800 2965 praefecti,
820 2888 865 2957 ut,
888 2889 964 2965 quot
988 2880 1019 2944 in
1040 2901 1166 2966 quoque

197 3002 287 3058 coetu
321 2990 515 3056 renuntiandi
544 2992 622 3068 sint,
655 2999 825 3076 opportuno
859 3001 996 3076 tempore
1022 2992 1164 3076 judicum

197 3106 332 3193 collegiis
356 3106 535 3172 innotescat.
586 3106 638 3171 llst
668 3125 738 3169 roro
765 3103 953 3169 millenarius
980 3104 1164 3171 familiarum

198 3242 342 3285 numeros
362 3217 528 3306 legitimus,
550 3239 613 3304 quo
633 3219 666 3282 in
682 3218 808 3306 singulis
820 3218 962 3304 judicum
977 3220 1165 3286 ambactibus

197 3332 308 3418 singuli
327 3331 473 3396 electores
496 3331 702 3396 nominentur.
747 3323 808 3414 Qui
825 3331 920 3417 igitur
940 3332 1098 3397 ambactos
1117 3333 1164 3397 bis

197 3442 281 3507 mille
311 3442 437 3507 familias
464 3443 724 3528 complectuntur,
757 3442 863 3520 binos,
888 3442 942 3529 qui
965 3455 1027 3521 ter,
1052 3443 1164 3527 trinos,

114 3561 116 3566 “
197 3555 251 3641 qni
279 3554 407 3641 pluries,
443 3554 546 3641 plures
587 3553 692 3619 eadem
730 3555 924 3640 proportione
966 3556 1164 3622 constituunt.

196 3666 388 3732 Familiarum
406 3688 477 3731 roro
497 3688 661 3732 numerum
683 3665 928 3745 aestimantibus,
947 3668 992 3731 rir
1009 3670 1164 3735 mentione

197 3779 325 3866 indiget,
342 3801 392 3844 eos
407 3799 511 3842 omues
527 3776 707 3841 omittendos
723 3799 786 3841 csso
803 3777 981 3863 municipes,
998 3781 1062 3867 qui,
1079 3783 1162 3867 quosl

192 3956 394 3967 κ...-

234 4059 239 4089 ¹
260 4058 317 4107 ress.
335 4059 353 4105 r.
371 4074 393 4104 ο.
411 4056 424 4122 p
442 4054 484 4104 28.
713 4056 722 4086 2
741 4055 800 4105 ists.
819 4057 836 4104 r.
855 4074 876 4107 e.
894 4057 907 4122 p
926 4055 966 4108 29.

232 4149 320 4199 3rear.
339 4151 356 4197 r.
375 4165 396 4195 e.
413 4148 426 4213 p
446 4147 485 4196 ao.
