2738 4740
527 474 605 486 —-
1016 459 1046 498 ΧΙ

80 643 142 681 non
165 631 345 680 momentum
361 640 460 678 eorum
477 630 699 701 praereptumque
715 619 783 677 inde
799 641 815 675 a
829 640 874 679 me
887 619 1044 679 utilitatem

80 738 200 798 laudare
217 738 295 797 satis.
336 736 453 795 Eximia
469 736 549 794 enim
570 734 631 794 Tua
648 736 834 795 institutione
857 748 986 797 veterum
1008 736 1045 795 li·

79 868 204 916 terarum
233 853 496 938 philosophiaeque
521 852 635 912 ardenti
665 874 763 914 amore
786 855 919 914 animum
947 875 1044 914 meum

79 972 219 1033 imbuisti.
247 970 354 1032 llultos
372 971 480 1031 exinde
500 971 534 1030 in
552 992 640 1031 omne
658 992 761 1031 aevum
783 971 894 1032 sructus
909 993 955 1032 me
970 983 1044 1032 retu-

77 1091 143 1151 lisse
165 1102 194 1151 et
212 1090 250 1151 ob
273 1091 358 1151 illam
388 1090 432 1149 vel
457 1088 551 1149 solam
584 1088 706 1147 eximias
722 1087 787 1149 Tibi
807 1091 915 1169 gratias
928 1089 1045 1160 debere,

77 1229 244 1292 numquam
263 1228 327 1268 non
345 1207 440 1267 laenas
463 1203 649 1289 praedicabo.
685 1205 725 1263 At
741 1204 837 1264 multo
853 1206 921 1289 plus
940 1207 1046 1280 secisti,

79 1328 131 1388 vir
146 1329 274 1410 Optime!
299 1327 336 1386 ln
353 1327 501 1409 privatam
520 1327 600 1386 enim
618 1327 710 1386 Tuam
730 1347 776 1386 me
803 1328 945 1389 admisisti
974 1352 1048 1390 con-

77 1445 281 1517 suetudinem,
310 1441 361 1504 ubi
391 1444 489 1504 nescio
514 1444 668 1525 egregiam
694 1442 755 1503 Tua
786 1456 890 1505 veteres
917 1458 1048 1508 auctores

77 1561 227 1624 mactandi
244 1563 358 1622 ratione
375 1582 414 1620 an
430 1563 550 1645 perutili
564 1561 619 1622 illa
643 1583 677 1622 ac
700 1563 869 1623 suavissima
892 1564 1047 1626 familiari-

78 1692 138 1741 tate
162 1680 255 1761 magis
285 1679 442 1741 delectatus
467 1679 557 1740 suerit
578 1681 696 1741 animm
721 1684 816 1742 meus!
867 1683 954 1744 Nunc
980 1705 1047 1745 vero

78 1797 123 1860 Cl.
137 1798 202 1858 virt
222 1808 336 1880 quanta
351 1798 384 1857 in
402 1796 534 1858 sobolem
547 1797 648 1871 illam,
663 1799 712 1859 cui
735 1822 787 1883 per
806 1822 900 1863 annos
915 1803 1045 1884 quadra-

76 1916 162 2000 ginta
178 1936 326 1976 summum
340 1914 426 1975 decus
437 1915 598 1988 addideris,
619 1915 763 1978 beneficia
780 1919 940 1981 contuleris
959 1932 1046 2003 quot·

76 2044 152 2117 quot
171 2033 353 2105 noverimus,
374 2030 538 2095 vehementi
568 2033 668 2094 dolore
697 2035 844 2096 allicimur
867 2040 1044 2120 cogitantes,

77 2153 138 2213 Tua
152 2153 217 2233 jam
232 2150 355 2235 perutili
377 2151 565 2210 institutione
580 2150 750 2212 destitutam
762 2153 894 2214 eamdem
908 2155 1047 2216 inveniri.

77 2271 262 2351 Quamquam
286 2269 321 2328 iu
343 2268 542 2350 amplissimo,
568 2289 630 2350 quo
651 2290 735 2329 nunc
751 2271 886 2342 versaris,
907 2270 1047 2333 laborum

76 2388 171 2471 spatio
191 2387 284 2446 savere
302 2384 349 2446 illi
366 2385 491 2444 minime
508 2383 616 2445 desinis
629 2396 730 2468 estque
748 2385 806 2448 boc
814 2387 879 2448 Tibi
895 2388 928 2448 in
944 2389 1046 2471 paucis

76 2507 343 2590 exoptatissimum,
372 2505 412 2581 si,
439 2527 530 2589 quam
548 2519 628 2567 arcto
648 2507 769 2569 vinculo
793 2529 960 2593 numquam
983 2533 1047 2571 non

77 2626 273 2707 conjunctum
293 2644 362 2684 cum
383 2622 437 2683 illa
449 2624 487 2683 Te
501 2624 609 2684 sentias
625 2625 694 2708 ipsis
709 2623 794 2685 rebus
813 2625 961 2688 testificari
980 2627 1045 2689 Tibi

78 2743 264 2804 oouoedatur.
307 2742 392 2818 Quod
410 2752 444 2802 nt
460 2764 512 2826 per
536 2742 662 2825 longum
681 2755 796 2829 tempus
813 2745 878 2807 Tibi
896 2746 1045 2829 obtingat,

77 2862 246 2945 patriaeque
256 2861 346 2922 simul
358 2883 392 2921 ac
405 2858 534 2936 civibus,
548 2862 593 2922 uti
604 2882 688 2923 nuno
704 2863 849 2935 oonsulis‚
867 2865 909 2924 sic
930 2865 964 2924 in
981 2885 1045 2947 pos·

78 2989 174 3039 terum
191 2980 281 3040 etiam
296 2977 492 3039 efficacissime
506 2980 681 3040 consulendi
700 2980 791 3040 utaris
810 2981 1048 3064 opportunitate,

78 3106 146 3156 vota
165 3117 202 3156 ex
223 3096 324 3156 animo
342 3097 515 3178 pronuntio.

120 3212 198 3288 Quid
208 3223 306 3299 autem
315 3211 380 3273 Tibi
392 3210 527 3284 debeam,
537 3212 580 3274 Gl.
594 3232 647 3273 um
659 3231 727 3283 arx,
738 3212 903 3273 studiorum
917 3234 1048 3276 meorum

78 3329 244 3393 moderator
259 3331 516 3413 praestantissime!
545 3331 647 3390 animo
665 3331 823 3412 persentire
844 3331 965 3415 quidem
984 3355 1047 3415 pos-

77 3471 159 3526 sum,
174 3447 269 3511 verbis
279 3449 441 3532 exprimere
457 3469 582 3532 nequeo.
602 3447 663 3517 Tu,
673 3469 725 3530 per
740 3468 828 3509 omne
839 3459 969 3533 tempus,
988 3472 1049 3532 quo

77 3569 157 3631 bisoe
182 3568 315 3651 juridicis
347 3568 451 3630 studiis
482 3588 601 3650 operam
623 3566 744 3637 navari,
778 3566 933 3647 insiguiter
949 3565 985 3627 de
1003 3589 1049 3627 me

77 3687 210 3749 meruisti
227 3686 289 3747 illis
306 3684 446 3747 omnibus
462 3683 577 3745 affatim
592 3683 787 3766 praestandis,
804 3704 881 3766 quae
894 3681 932 3742 ab
944 3683 1048 3745 huma-

78 3804 199 3864 nissimo
218 3814 338 3863 tantum
364 3803 438 3863 duoe
459 3822 493 3860 ae
519 3800 632 3862 fautore
653 3810 819 3883 exspectare
841 3821 928 3883 quem
952 3802 1048 3864 lioeat.

77 3919 236 3981 Auxilium
250 3941 319 3980 vero
337 3918 445 3979 iubae
462 3918 663 3979 dissertatione
683 3917 836 3979 scribenda
856 3919 941 4002 larga
956 3942 1050 3982 manu

78 4034 154 4097 mihi
180 4036 422 4120 suppeditavisti3
448 4035 615 4097 haerentem
639 4047 668 4097 et
687 4037 833 4098 insertum
849 4048 878 4097 et
899 4040 1050 4099 tenuitatis

79 4171 159 4214 meas
171 4173 257 4215 seusu
270 4153 361 4214 nimis
372 4153 538 4237 depressum
547 4154 667 4236 optimis
677 4153 746 4214 Tuis
756 4153 888 4215 consiliis
897 4152 1051 4215 efficaciter
