2738 4740
737 435 798 500 188

284 628 427 685 censeant
442 615 709 704 opportunitatem,
733 615 823 691 ultro,
841 614 915 701 quid
933 614 1058 701 publice
1074 613 1141 679 fieri
1160 636 1257 702 opor-

284 740 362 807 teat,
392 750 464 794 cum
489 728 713 816 magistratibus
737 727 871 792 liberum
903 727 941 790 sit
971 727 1205 792 communicare
1226 729 1262 813 ¹:-

284 844 477 928 magistratus
493 851 596 904 antem
614 841 671 925 ipsi
686 862 747 905 non
767 850 886 904 tantum
897 860 1003 904 aurem
1018 839 1168 924 praebere
1183 839 1255 903 illo·

284 977 353 1019 rum
372 953 628 1018 admonitionibus
650 963 810 1018 teneantur
829 974 888 1018 nec
905 951 1069 1017 recedendi
1085 951 1126 1017 ab
1144 973 1255 1016 eornm

283 1068 453 1148 sententia,
476 1067 533 1130 nisi
560 1066 680 1131 reniam
705 1066 868 1152 superioris
895 1064 1009 1130 ordinis
1033 1065 1255 1152 gubernatores

282 1178 476 1256 indulserint,
492 1189 620 1243 utantur
636 1178 779 1244 facultate
787 1178 812 1256 ²,
834 1199 941 1243 rerum
957 1179 1058 1255 etiam,
1076 1179 1111 1255 si,
1126 1178 1167 1243 de
1181 1179 1252 1265 qni·

282 1288 340 1357 bns
358 1291 516 1378 conquesti
533 1291 579 1355 illi
598 1290 722 1369 luerint,
743 1290 832 1368 vitiis,
846 1289 1009 1354 emendare
1029 1312 1064 1355 ea
1084 1291 1253 1369 noluerint,

282 1404 384 1470 violati
395 1404 507 1491 possint
523 1403 614 1469 officii
623 1404 704 1490 apud
723 1401 891 1488 praefectos
904 1402 1081 1487 provinciae
1091 1402 1253 1488 judieesre

282 1529 336 1582 aut
358 1519 473 1583 rurales
493 1529 547 1583 aut
565 1515 752 1602 toparcbales
770 1539 788 1582 a
811 1516 1057 1601 procuratoribus
1074 1519 1215 1583 accusari
1229 1517 1253 1585 ³.

327 1629 446 1712 Quibus
470 1628 611 1695 omnibus
633 1639 871 1709 consentaneum
892 1639 952 1706 est,
970 1628 1054 1715 quod
1077 1629 1179 1695 edicto
1199 1630 1253 1695 de-

283 1743 367 1808 cerni
387 1742 541 1823 ridemus,
564 1752 685 1827 praeter
703 1739 854 1805 ordinaria
871 1741 1008 1819 comitia,
1032 1743 1158 1807 totiesa
1178 1764 1253 1829 pro-

282 1852 472 1918 curatoribus
504 1852 575 1917 iniri
601 1853 686 1917 solita
718 1854 840 1938 quoties
871 1874 978 1917 eornm
998 1855 1251 1939 approbationem

283 1964 493 2052 requisiverint
522 1965 726 2052 magistratus,
760 1963 963 2030 deliberatum
999 1967 1123 2051 proprio
1154 1979 1253 2033 marte

282 2077 429 2166 congredi
453 2077 490 2141 iis
514 2078 622 2157 licere,
643 2076 904 2166 quandocumque
931 2079 989 2164 ipsi
1014 2079 1129 2145 cisium
1161 2081 1253 2146 rebus

281 2194 477 2278 profuturum
506 2192 583 2257 illud
613 2192 809 2259 arbitrentur.
868 2193 904 2257 ln
939 2191 1021 2258 hisce
1048 2204 1154 2257 autem
1180 2215 1253 2259 coe-

282 2305 374 2382 tibus,
397 2326 531 2390 quornm
551 2304 761 2369 habendorum
790 2304 933 2369 certiores
959 2326 1086 2391 qnoque
1114 2315 1254 2391 tempore

281 2417 352 2481 lacti
370 2437 436 2481 esse
454 2415 568 2481 debent
584 2418 792 2504 magistratus,
809 2417 1018 2482 moderamine
1033 2440 1156 2504 praeses
1176 2419 1254 2485 lun-

283 2528 380 2615 gitnr,
403 2528 555 2592 sociorum
576 2528 725 2615 suffragiis
748 2530 780 2594 in
798 2529 976 2608 triennium,
995 2532 1086 2595 simul
1107 2553 1182 2596 cnm
1199 2529 1253 2599 aic-

283 2639 534 2707 tuarioelectusl.
557 2640 685 2704 Nullum
697 2641 1073 2728 condiaprocuratoribns
1088 2644 1252 2711 decretum

281 2763 396 2840 potest,
419 2752 475 2818 nisi
497 2751 615 2840 dequo
634 2753 724 2820 binae
743 2756 849 2820 tertiae
869 2756 990 2843 collegii
1007 2768 1109 2842 partes
1124 2767 1254 2825 senten·

282 2868 354 2933 tiam
374 2877 496 2954 rogatae
511 2867 625 2932 luerint
643 2868 739 2955 inque
760 2868 842 2933 idem
858 2868 969 2934 deinde
982 2870 1131 2955 placitum
1146 2871 1252 2956 plures

281 2980 469 3045 discesserint
491 2981 723 3068 suffragantium
741 2981 766 3044 ⁵.
810 2981 986 3060 Caeterum,
1010 2983 1096 3047 utin
1111 2986 1255 3052 muneris

281 3095 327 3158 sui
338 3094 521 3159 exercitione
535 3096 625 3182 gnari
638 3094 812 3180 assiduique
824 3106 1016 3177 perseverent
1026 3107 1254 3180 procuratores,

281 3208 408 3293 sapienti
428 3209 580 3283 instituto,
608 3211 714 3295 poenis
741 3211 773 3274 in
795 3213 972 3298 neglectum
993 3211 1084 3276 officii
1103 3214 1256 3296 sancitis,

281 3331 500 3407 prospexerunt
525 3322 708 3408 legislatores
727 3324 752 3384 θ.
798 3325 944 3387 Notamus
973 3324 1128 3410 denique,
1159 3326 1257 3396 hosce

260 3438 262 3443 ’
283 3433 472 3517 municipum
498 3434 623 3499 vicarios
648 3458 664 3500 a
683 3436 793 3512 nullis,
812 3436 924 3521 quibus
945 3438 1054 3523 reliqui
1070 3438 1153 3502 cives
1180 3463 1255 3526 pre·

280 3559 413 3624 mantnr,
435 3546 577 3612 oneribus
592 3547 745 3613 immunes
763 3548 884 3627 baberi;
906 3549 1013 3614 iisdem
1036 3572 1108 3615 reru
1133 3554 1258 3640 stipen·

281 3661 366 3725 dium
387 3682 421 3725 ex
442 3661 557 3725 aerario
581 3682 775 3747 nequaquam
799 3662 924 3726 attribui
944 3661 967 3726 ⁷.

316 3851 403 3900 77777.
422 3851 440 3899 t.
458 3867 479 3899 8
497 3848 571 3918 7
798 3848 887 3898 77777.
904 3850 922 3898 7.
940 3847 1050 3916 8788.

315 3940 597 4010 77777..,78787
590 3943 648 3990 787.
798 3939 1122 4008 *777778778787

316 4032 468 4082 7777..877
456 4035 568 4100 787,
586 4034 847 4103 7887787888.

316 4127 569 4194 777...87.7787
796 4128 921 4178 77777
940 4125 1049 4194 8788.
