2738 4740
604 452 644 514 27

140 637 304 704 nobilitatis
326 637 426 703 officio
443 636 584 724 indigere
604 635 757 722 principes
781 634 937 700 deberem
949 635 971 714 ¹,
994 637 1112 701 lactum
1202 642 1205 656 ¹

138 773 210 818 vero
227 751 334 817 eadem
352 750 500 817 decanea
520 750 646 828 inisset,
669 759 705 813 ut
724 769 802 813 nora
818 748 951 813 militum
971 749 1111 815 mullitu-

139 866 211 931 dine
229 865 340 931 alenda
353 862 594 950 instruendaque
613 862 810 949 vectigalium
825 862 984 950 insigniter
999 866 1111 951 ampli-

137 977 281 1044 ficaretur
297 977 416 1045 modus.
449 978 658 1063 Quamquam,
678 996 752 1040 oum
771 993 912 1039 normam
930 976 1038 1060 ipsam,
1058 977 1112 1042 cni

138 1102 345 1178 superstructa
375 1090 415 1156 ad
444 1111 517 1154 eum
544 1109 644 1174 nsque
672 1086 755 1153 diem
785 1087 970 1152 tributorum
998 1089 1113 1154 exactio

136 1205 262 1282 luisset,
284 1203 322 1269 ad
343 1225 437 1268 noros
457 1204 527 1267 istos
545 1198 709 1287 explendos
735 1210 856 1265 sumtus
877 1197 960 1264 haud
980 1199 1112 1285 amplius

138 1317 278 1381 sufficere
300 1326 470 1402 appareret,
492 1315 582 1380 aliam
603 1324 757 1399 praeterea
781 1334 866 1378 nunc
887 1333 959 1378 cnm
981 1312 1112 1378 maxime

140 1431 281 1493 usitatm
297 1427 492 1515 vectigalium
508 1427 652 1514 speciem,
666 1448 727 1513 qua
744 1426 862 1492 scilicet
875 1447 922 1489 res
940 1424 978 1491 ad
996 1426 1111 1491 victum

140 1541 326 1606 necessariae
354 1541 480 1605 utilesre
513 1540 706 1625 potissimum
733 1539 962 1616 afficiebantur,
993 1540 1113 1603 subter-

139 1655 248 1741 fugere
275 1652 356 1718 band
389 1653 429 1718 ita
459 1654 551 1718 facile
584 1653 714 1738 majores
747 1653 867 1717 ordines
896 1663 1065 1738 potuerunt
1088 1651 1113 1720 ².

70 1838 74 1847 ,
139 1764 180 1828 Ar
209 1763 338 1828 minime
373 1773 474 1828 umen
513 1764 560 1830 sic
591 1763 774 1849 impeditum
814 1762 891 1849 quin
930 1783 1111 1828 conoessum

137 1875 219 1942 istud
239 1876 424 1964 quibusdam
453 1876 575 1942 civibus
595 1875 782 1941 liberationis
801 1899 818 1940 a
839 1876 996 1942 communi
1019 1897 1113 1941 onere

136 1990 331 2077 privilegium
361 1989 567 2076 importunius
593 1988 711 2054 indies
737 2011 774 2054 ac
796 1989 874 2053 reris
899 1990 943 2053 rei
969 1989 1113 2075 publicae

136 2102 304 2168 commodis
335 2103 534 2189 perniciosius
561 2103 713 2170 eraderet.
754 2103 840 2167 Licet
866 2091 948 2167 enim
977 2103 1014 2168 ad
1046 2125 1112 2168 rem

136 2215 300 2281 militarem
317 2215 547 2281 sustentandam
567 2215 700 2282 nonalia
720 2215 838 2281 civibus
857 2215 996 2302 injuncta
1013 2226 1113 2281 essent

137 2330 236 2395 officia
258 2340 380 2415 praeter
398 2329 462 2407 illa,
484 2351 565 2417 quae
585 2351 621 2393 ex
642 2329 737 2416 ipsius
753 2329 970 2396 constitutione
988 2328 1113 2414 Imperii

137 2454 244 2529 sponte
258 2442 373 2509 ducere
385 2442 536 2530 originem
551 2442 744 2520 viderentur,
765 2442 845 2507 bella
857 2443 1005 2509 continuo
1015 2463 1112 2529 prope

137 2557 233 2622 haece
259 2567 358 2623 aetate
390 2579 446 2642 per
469 2557 667 2622 Germaniam
695 2556 807 2644 agitata
840 2557 994 2644 plerisque
1028 2557 1114 2642 prin·

138 2669 258 2754 cipibus
277 2689 427 2735 novorum
448 2690 571 2754 semper
589 2668 790 2754 petendorum
807 2669 1010 2734 subsidiorum
1030 2680 1111 2734 altn-

137 2781 239 2846 lerunt
264 2783 498 2859 necessitatem,
521 2803 602 2869 quae
620 2783 677 2868 qui
697 2781 914 2868 impetrarent,
935 2784 978 2848 sic
997 2785 1111 2849 multas

138 2915 211 2959 oum
236 2895 394 2960 ordinibus
414 2895 585 2980 paciscendi
605 2895 637 2959 in
661 2906 784 2980 promtu
803 2896 840 2959 iis
860 2895 954 2960 luisse
973 2895 1113 2960 novimus

140 3008 285 3084 rationes,
312 3019 348 3073 ut
375 3007 458 3074 baud
485 3030 557 3073 sane
585 3007 720 3072 mullum
740 3007 953 3093 impedimenti
971 3006 1112 3073 ordinum

139 3119 193 3184 illa
217 3120 297 3185 circa
320 3143 386 3185 rem
412 3120 604 3185 tributariam
628 3120 762 3203 objicere
781 3119 817 3182 iis
843 3119 978 3204 potnerit
1006 3130 1113 3185 anelo-

140 3232 228 3308 ritas‚
262 3255 326 3320 quo
358 3235 460 3298 minus
494 3232 600 3298 studiis
632 3233 692 3296 suis
726 3233 928 3308 militaribus,
960 3244 1112 3318 quantum

139 3346 254 3431 cuique
283 3348 376 3411 ferret
401 3347 538 3425 animus,
566 3347 731 3435 gratificari
756 3357 940 3411 conarentur
969 3347 992 3413 ³.
1050 3347 1112 3428 Qui

138 3470 242 3524 autem
271 3459 314 3525 sic
335 3460 422 3525 locus
449 3461 481 3524 in
510 3458 831 3543 rerumpublicarum
852 3458 1114 3523 administratione

138 3571 298 3665 ordinibus
325 3573 562 3659 provincialibus
581 3571 813 3650 concederetur,
833 3581 904 3636 utut
925 3571 965 3636 ab
988 3570 1111 3658 insigni,

137 3707 199 3772 qua
219 3685 311 3751 iidem
327 3686 372 3751 usi
388 3686 463 3750 olim
479 3685 616 3761 luissent,
635 3683 816 3750 anctoritate
830 3706 923 3772 quam
936 3683 1114 3772 longissime

174 3978 184 4017 ¹
203 3982 337 4042 Bronaoar,
354 3985 367 4049 §r
384 3980 451 4042 595,
470 3983 526 4030 οοΙΙ.
543 3982 557 4047 d
574 3981 634 4032 551.

173 4073 283 4134 2ΙιΙοιιι,
301 4074 328 4123 Ι.
347 4076 385 4134 tt,
403 4075 415 4138 rt
433 4075 499 4137 595,
517 4077 574 4125 coll.
592 4078 619 4127 Ι.
638 4076 687 4140 ΙΙΙ,
705 4075 718 4142 §
754 4072 795 4123 26.

173 4164 188 4204 3
206 4166 285 4227 idom,
302 4168 315 4231 p
333 4165 390 4217 595.
