2738 4740
649 464 707 528 177

196 646 399 730 plectentibus
421 645 444 712 ¹.
495 644 590 710 Priori
612 648 718 732 generi
736 656 797 711 tres
822 667 942 712 rursum
964 649 1071 714 classes
1088 649 1162 714 sub·

192 758 353 843 jiciuntur,
377 779 510 846 quarum
541 757 724 823 discriminis
751 758 827 824 ratio
846 758 879 823 in
906 759 1092 827 urbanorum
1112 761 1161 826 iu·

196 872 334 938 cularum
352 872 448 958 posita
469 880 514 935 est
526 869 735 949 multitudine,
750 870 793 937 ita
804 870 885 936 utad
896 871 1024 956 primam
1036 875 1161 940 classem

195 982 266 1048 illae
286 1004 391 1048 omncs
407 983 499 1047 urbes
516 982 696 1060 reserantur,
707 1004 784 1069 quas
797 981 879 1048 baud
894 982 1053 1068 pauciores
1068 1007 1161 1071 quam

195 1094 244 1159 bis
265 1095 351 1159 mille
375 1093 549 1160 inhabitent
573 1094 722 1175 familiae5
751 1095 885 1161 secunda
911 1096 1044 1161 minores
1062 1099 1164 1163 conti·

197 1217 279 1284 neat,
291 1206 413 1271 familiis
432 1217 534 1272 tamen
550 1208 757 1294 frequentatas
773 1209 852 1273 ultra
868 1230 961 1295 quam
975 1209 1162 1296 quingentis3

197 1320 335 1404 reliquae
358 1329 462 1384 autem
483 1320 575 1385 urbes
603 1341 663 1386 nec
688 1343 750 1385 non
770 1321 842 1408 pagi
864 1321 993 1386 urbibus
1011 1321 1167 1388 assimilati

198 1430 390 1514 conjunctim
403 1433 525 1497 tertiam
541 1433 668 1498 classem
688 1433 808 1498 efficere
826 1444 1009 1500 censeantur
1027 1433 1053 1499 ².
1081 1435 1166 1500 Nulli

198 1564 271 1606 vero
295 1541 402 1608 barum
425 1545 566 1610 classium
590 1556 621 1609 at
644 1545 794 1610 ruralibus
822 1546 1091 1611 communionibus
1114 1547 1167 1613 illa

199 1656 309 1743 exigua
333 1656 442 1742 oppida
461 1656 654 1724 adnumerari
670 1658 752 1743 jussa
774 1670 862 1736 sunt,
896 1679 976 1745 quae
993 1658 1056 1724 siae
1075 1680 1168 1723 num·
1196 1669 1199 1672 ’

199 1789 294 1854 quam
313 1769 442 1835 antebac
470 1769 628 1857 proprium
658 1767 832 1836 habuissent
863 1769 1076 1858 magistratum
1103 1772 1168 1837 sire

199 1883 316 1946 sumtus
335 1880 474 1947 babendo
487 1882 675 1971 magistratui
694 1883 876 1949 necessarios
886 1884 1019 1969 amplius
1030 1884 1169 1970 perterre

197 2005 251 2059 aut
269 1993 387 2059 nollent
407 2006 460 2061 aut
479 2017 540 2060 non
560 2005 683 2081 possent
697 1994 721 2061 ³.

241 2107 300 2170 Pro
329 2106 471 2193 legitimis
495 2107 657 2192 municipii
690 2106 778 2171 sociis
809 2106 831 2168 ii
863 2114 982 2169 tantum
1023 2104 1168 2171 censendi

199 2228 289 2295 sunt,
318 2219 373 2304 qui
399 2229 465 2281 tum
497 2216 606 2281 stabile
634 2217 691 2281 sibi
714 2216 873 2302 posuerint
891 2215 971 2282 intra
992 2216 1068 2282 lines
1086 2215 1169 2281 illius

200 2328 406 2405 domicilium,
431 2337 513 2392 certe
534 2325 637 2392 sedem
653 2326 788 2414 aliquam
806 2327 837 2391 in
857 2349 892 2393 ea
911 2327 1043 2393 babeant
1064 2350 1168 2394 rerum

200 2462 326 2504 suarum
344 2439 596 2523 domesticarum,
619 2450 684 2504 tum
705 2440 819 2505 ibidem
837 2451 891 2506 aut
908 2439 1076 2506 fundorum
1094 2464 1168 2507 aec·

201 2550 340 2639 tigalium
360 2562 485 2616 utantur
502 2550 638 2616 dominio
651 2563 704 2617 aut
719 2564 843 2640 gravata
859 2552 951 2618 simili
972 2575 1067 2621 onere
1081 2576 1167 2621 exer·

200 2673 291 2728 ceant
308 2662 428 2750 opificia
449 2663 474 2728 ².
510 2663 721 2730 Excluduntur
747 2665 862 2752 igitur,
885 2677 1038 2754 quotquot
1064 2687 1168 2754 neque
1248 2652 1251 2657 ’

200 2777 349 2841 tributum
368 2777 546 2863 persolvunt
565 2776 714 2863 opificiale
731 2799 791 2842 nec
812 2777 949 2857 domum,
965 2777 1025 2843 nisi
1043 2778 1169 2843 locatio·

199 2888 245 2953 nis
262 2888 367 2970 titulo,
390 2886 580 2967 inhabitant;
597 2898 767 2974 quotquot,
795 2888 910 2952 etiamsi
940 2898 1035 2953 terras
1057 2888 1168 2973 jurare
1199 2882 1200 2886 ¹

200 2998 350 3064 censititia
370 2999 451 3065 intra
467 3000 715 3066 communionem
731 2998 959 3084 acquisiverint,
976 2999 1050 3063 alibi
1066 3011 1168 3067 umen

200 3110 356 3197 degentes,
376 3112 466 3176 aedes
483 3110 521 3176 ad
542 3109 742 3177 habitandum
763 3109 795 3174 in
815 3132 849 3175 ea
866 3110 966 3176 nullas
981 3111 1168 3197 possident

194 3287 395 3298 nn———n—

238 3390 325 3440 ¹lbid.
341 3392 368 3440 Τ.
387 3392 419 3453 ll,
436 3393 448 3458 ᾗ
466 3388 491 3439 8.
720 3387 835 3438 ‘lbidl
863 3407 884 3438 c.
899 3389 914 3456 d
930 3388 955 3439 9.

235 3481 323 3532 'thiu
341 3482 361 3530 1.
380 3497 402 3530 ο.
420 3481 493 3548 §10.
528 3483 564 3530 uri
585 3482 654 3545 alibi,
669 3482 703 3530 sic
720 3482 746 3530 iu
762 3483 861 3531 Bararil
878 3498 974 3545 quoque
990 3483 1094 3546 regulam
1113 3484 1171 3533 nui·

201 3592 268 3627 verae
279 3577 359 3624 valere
375 3575 518 3638 invenimus,
528 3577 553 3624 in
564 3576 650 3639 quibua
662 3576 794 3638 municipiis
805 3576 865 3624 rarii
874 3575 967 3638 ‘cuma
979 3576 1082 3640 opificia,
1092 3593 1169 3626 rernm

200 3672 324 3722 lubricatio
348 3679 524 3733 neronemque
541 3671 666 3734 praecipuo
688 3670 768 3720 studio
784 3679 925 3733 tractentur,
941 3671 1001 3719 baec
1015 3671 1168 3734 oppidorum

201 3781 262 3829 quae
274 3781 329 3814 vero
337 3763 483 3827 potissimum
496 3762 575 3812 dedita
586 3764 633 3812 siat
646 3763 812 3826 agriculturae,
825 3763 885 3811 baec
893 3762 1006 3811 ruralium
1020 3763 1097 3812 ordini
1106 3780 1171 3813 oon·

201 3859 338 3909 nunionnn
356 3857 514 3906 adnumerari.
529 3855 556 3905 1.
567 3855 752 3919 Staatalcxibon,
763 3856 789 3904 Υ.
802 3857 835 3918 ΙΙ,
847 3873 872 3918 p.
883 3853 934 3905 166
949 3856 983 3924 (r.
991 3856 1171 3926 Rbriubaicru.)

187 4012 190 4017 ,
235 3947 325 3999 ‘thid
351 3950 378 3998 Τ.
401 3951 434 4011 11,
458 3948 473 4015 d
499 3946 540 3997 ll.
584 3948 648 3996 Veris
668 3947 769 3996 dominia
794 3947 936 3999 tructnuios
962 3948 1172 4015 emphyteutaaque

204 4042 361 4105 aequiparari,
377 4058 432 4089 mox
448 4040 567 4100 docemur,
585 4039 598 4106 ᾗ
617 4038 659 4088 15.

237 4135 247 4168 ⁸
264 4135 324 4184 lbid.
343 4136 361 4185 l.
379 4150 399 4183 c.
418 4134 432 4200 p
451 4132 490 4180 13.
540 4167 542 4170 ι

905 4231 994 4291 ’12
