2738 4740
586 472 628 530 63

123 675 219 731 naon,
239 675 302 740 quo
320 651 494 718 vehementi
513 649 615 715 studio
636 650 805 715 ducebatur
824 652 906 739 leges
929 663 1091 718 eonsuetu-

121 767 270 854 dineaqua
299 767 386 845 illas,
412 788 488 853 quas
511 762 684 829 utilissimas
706 763 770 826 lore
797 786 868 828 suae
892 765 1090 831 dominationi

121 881 234 967 optime
251 891 378 956 teneret,
390 878 509 944 cunctis
524 901 542 942 a
557 899 588 941 ee
604 875 737 941 subactis
751 875 913 961 provinciis
928 877 1089 957 inferendi,

119 995 262 1071 simulac,
278 992 413 1058 consutis
430 990 598 1055 multarum
619 989 775 1054 civitatum
794 988 912 1073 pannis,
926 989 1089 1075 Weatpba·

119 1106 210 1172 licam
239 1128 304 1170 rem
325 1105 482 1190 publicam
504 1101 738 1178 efformarisset,
766 1102 883 1167 nolens.
900 1102 1090 1167 committere

119 1229 153 1283 ut
168 1219 268 1295 modi,
284 1239 379 1305 quern
397 1217 428 1280 in
452 1238 488 1280 ea
509 1214 708 1301 gubernanda
726 1236 779 1278 rex
796 1224 915 1279 creatus
931 1226 1091 1280 secuturus

119 1343 210 1405 esset,
231 1331 351 1416 integra
374 1328 402 1393 ei
422 1327 560 1392 definitio
585 1325 826 1413 relinqueretur,
850 1327 1014 1392 formulam
1033 1328 1090 1393 sub

119 1442 244 1508 nomine
266 1440 488 1508 constitutionis
511 1441 576 1527 ipae
598 1442 627 1503 ei
646 1440 878 1528 praescripserat
896 1441 920 1518 ¹,
940 1463 1087 1528 perquam

127 1554 291 1640 diligenter
318 1556 517 1631 elaboratam,
546 1554 705 1632 isaiano,
729 1555 936 1639 quamsolam
961 1555 1089 1642 probaro

117 1667 302 1746 assuevisset,
323 1657 419 1733 civilis
443 1666 624 1753 prudentiae
647 1668 756 1732 rationi
783 1668 828 1732 sic
853 1669 946 1733 unice
964 1690 1087 1733 accom-

115 1779 286 1857 modatam,
317 1791 351 1845 ut
378 1782 448 1845 satis
472 1781 596 1845 omnino
618 1791 753 1866 pateret,
784 1780 865 1847 hane
886 1804 957 1847 eum
984 1783 1086 1869 legera

114 1903 270 1979 tamquam
303 1894 471 1976 perlectum
500 1893 623 1982 aliquod
656 1895 810 1980 exemplar
838 1916 1010 1980 proponere
1034 1918 1087 1960 ro·

112 2119 255 2202 deinceps
274 2119 457 2184 Germaniae
479 2119 633 2204 principes
649 2119 844 2183 imitarentur
861 2120 884 2184 ².
915 2121 985 2202 Qua
1002 2122 1083 2186 eninr

111 2232 180 2317 lege
199 2252 270 2296 cum
288 2229 368 2294 haud
387 2253 485 2316 pauca
502 2231 541 2295 de
558 2231 753 2318 popularium
770 2231 894 2315 juribus
910 2233 1084 2319 gravissima
1107 2320 1110 2326 .

111 2357 270 2429 praecepta
293 2344 542 2420 continerentur,
568 2343 680 2429 quibus
700 2342 900 2409 vindicandae
929 2346 1084 2411 stabilien-

110 2457 228 2544 daeque
248 2459 385 2544 ipsorum
408 2456 542 2521 libertati
569 2456 730 2542 insigniter
751 2468 944 2541 prospectum
968 2460 1005 2523 iri
1027 2483 1082 2525 ex·

109 2582 246 2656 spectare
264 2592 430 2656 sanequam
454 2569 575 2644 liceret,
596 2569 633 2632 iis
659 2569 800 2634 omnibns
819 2570 963 2650 sublatis,
986 2596 1081 2660 quae,

109 2695 224 2769 quanto
257 2683 412 2747 laetiorem
439 2681 596 2746 nonnullis
625 2681 738 2746 cirium
764 2683 843 2767 juris
865 2682 1081 2775 hortorumque

108 2797 316 2862 conditionem
346 2795 595 2881 impertirentur,
627 2816 663 2859 eo
696 2795 858 2865 tristiorem
888 2799 1080 2885 reliquorum

108 2931 202 2994 prope
232 2907 369 2972 omnium
401 2919 512 2972 sortcm
544 2907 703 2973 efficerent
727 2909 876 2995 justaque
901 2933 938 2975 ac
965 2913 1080 2977 salubri

107 3021 322 3107 aequabilitate
352 3042 407 3106 par
444 3031 571 3086 cunctos
602 3019 763 3084 hominum
797 3019 916 3085 ordines
951 3021 1078 3089 dillusa:

103 3162 317 3174 -----.

143 3229 151 3262 ¹
168 3230 236 3280 Edita
261 3230 321 3279 haee
341 3238 378 3277 eat
396 3229 437 3277 lex
458 3228 568 3293 publiea,
584 3231 608 3279 d.
628 3229 661 3279 16
678 3231 737 3279 tter.
757 3226 832 3279 1807.
851 3229 877 3279 V.
895 3230 982 3279 llbein.
1000 3233 1079 3297 baad,

106 3325 163 3384 ΧΗ,
187 3340 210 3385 p.
224 3319 290 3379 mr
318 3323 395 3371 Cenat.
423 3323 445 3370 d.
464 3325 549 3387 Europ.
567 3325 642 3373 Staat.
665 3323 691 3372 l.
707 3325 740 3385 ll,
758 3341 781 3386 p.
802 3321 860 3379 1173
878 3329 978 3386 eiiam,
993 3327 1078 3390 Europ.

106 3417 207 3464 Versa-r.
225 3417 270 3465 seit
287 3415 310 3464 d.
328 3415 400 3465 Jabre
419 3414 496 3477 1789,
514 3418 541 3465 V.
560 3419 580 3479 1,
599 3418 623 3466 P.
643 3418 663 3479 l,
680 3435 704 3480 p.
721 3414 827 3480 36,aqq.
843 3430 931 3479 aaran,
942 3431 1078 3469 auvaroraa

106 3520 129 3558 et
137 3523 236 3572 aaron,
245 3511 375 3560 collection
393 3509 434 3559 dea
444 3510 568 3559 constitut.
584 3510 680 3559 Cbartea
689 3520 713 3559 rt
725 3511 779 3559 Lair
797 3511 940 3560 loudameut.
951 3522 996 3561 ete.
1005 3515 1031 3562 T.
1044 3515 1078 3576 ll,

105 3623 128 3667 p.
146 3601 206 3665 210,
224 3621 277 3667 sqq.
296 3609 400 3665 Kadara,
417 3604 516 3653 Staatsr,
533 3603 556 3654 d.
576 3604 677 3652 Rbeiub.
701 3604 715 3670 §
734 3602 791 3652 187.

138 3695 293 3757 Ἐιοιιιοιιι,
318 3697 332 3760 d
347 3695 409 3758 616,
425 3715 447 3760 p.
467 3695 526 3747 724.
560 3699 629 3746 nutri
646 3699 716 3745 ctiam
734 3698 858 3761 scriptores
875 3698 1025 3761 exstiterunt,
1043 3701 1078 3750 aio

104 3790 255 3839 vehementer
279 3789 368 3839 baraca
390 3790 584 3839 constitutionem
607 3791 771 3853 approbanter,
796 3801 822 3839 ut
844 3791 1000 3854 recipiandam
1025 3809 1076 3842 eam

103 3885 203 3947 siugulis
229 3886 301 3933 ferma
326 3884 470 3948 principibus
495 3884 699 3940 conmendareut3
726 3902 826 3947 quorum
854 3885 949 3948 quidem
972 3888 1076 3936 rationes

103 3986 211 4026 accurate
235 3987 386 4040 exponuntur
409 3978 471 4040 apud
496 3990 618 4039 arrnxorr,
641 3977 666 4024 ia
683 3977 767 4026 llbeiu.
789 3978 870 4036 Burni,
893 3988 941 4027 tura
959 3981 984 4028 in
1001 3980 1076 4030 diario

104 4072 256 4132 Germanica,
279 4070 344 4134 quod
366 4070 467 4133 prodiit.
489 4062 630 4120 auctoribus
649 4084 724 4120 aton
748 4081 771 4120 et
794 4086 869 4135 aaut,
895 4073 997 4137 denique
1014 4076 1075 4139 apud

105 4173 205 4226 ansata,
223 4159 309 4210 trebir
327 4161 365 4209 lr'rr
382 4160 405 4211 d.
423 4163 559 4224 Gesrtrgeb.
579 4179 602 4211 u.
620 4163 714 4213 llclorm
731 4164 755 4212 d.
775 4164 858 4216 ludat.
876 4164 1004 4215 Studium.
