2738 4740
603 469 663 534 10⁵

152 663 216 719 tuta
233 673 387 719 canonum
407 672 466 718 nec
485 670 548 715 non
569 651 652 737 leges
668 672 705 716 ac
722 651 884 740 privilegia
899 652 1028 719 civitatis
1047 651 1118 719 uni*

115 840 121 853 ο
149 765 284 841 renoba,
304 763 456 850 imprimis
480 772 584 828 autem
602 761 724 829 decreta
744 785 826 829 anno
849 766 934 829 1779
957 765 1115 833 ordinatio.

148 877 287 964 Denique
305 875 549 962 archiepiscopus
564 875 618 938 ille
635 896 694 940 nec
718 897 780 940 non
798 876 931 961 episcopi
950 899 1115 943 munerum

148 988 402 1054 conserendorum
431 985 716 1063 ecclesiasticorum,
736 987 868 1073 quisque
888 985 921 1052 in
945 985 1116 1054 dioeceseos

147 1123 219 1166 suae
240 1099 401 1187 parochiis,
420 1108 552 1163 utuntur
568 1106 726 1183 potestate.
749 1098 889 1178 Quatuor
903 1108 974 1161 suut
992 1099 1024 1163 in
1042 1098 1115 1164 Cro·

146 1213 206 1278 aria
227 1212 336 1276 classes
356 1209 546 1286 incolarum,
572 1208 709 1284 nobiles,
739 1208 869 1286 urbani,
891 1209 1000 1274 rustici
1021 1220 1116 1297 atque

147 1326 179 1388 in
199 1323 312 1389 linibus
332 1322 477 1409 degentes
494 1320 617 1386 milites.

430 1517 468 1608 B)
502 1518 553 1586 Be
574 1519 838 1588 Transsdeum'd.

190 1660 243 1724 list
258 1657 475 1725 Transsilsauia
489 1680 619 1746 magnus
634 1659 831 1744 principatus,
846 1659 935 1744 cujus
948 1660 1113 1745 imperium

145 1770 344 1837 haereditario
360 1769 433 1855 jure
453 1770 707 1836 descendentibus
732 1793 768 1836 ex
791 1782 924 1857 utroque
945 1794 1019 1838 sexu
1045 1783 1113 1838 tra-

144 1884 280 1951 dendum
291 1883 488 1951 essedicitur.
509 1885 642 1962 Incolae,
659 1884 690 1977 si
701 1884 790 1951 cisilo
808 1885 966 1951 vinculum
984 1897 1112 1973 spectes,

142 1997 321 2062 dividuntur
347 1997 380 2061 iu
398 1995 534 2061 nationes
552 1997 750 2081 praecipuas,
770 2016 846 2082 quas
865 1998 982 2063 scilicet
1002 2020 1111 2086 agnos-

143 2119 218 2176 cunt
232 2108 426 2195 liungaricae
435 2107 519 2194 leges
530 2107 672 2192 publicae
686 2129 723 2172 ac
737 2118 904 2172 conventus
918 2108 1070 2187 ordinum,
1081 2121 1113 2175 et

142 2221 279 2287 nationes
299 2222 448 2297 toleratas,
470 2240 561 2305 quae,
580 2219 641 2284 alia
666 2219 746 2284 aliae
765 2221 1001 2306 opportunitate,
1022 2220 1113 2287 inba-

141 2332 283 2399 bitandae
308 2332 442 2419 regionis
464 2332 584 2396 veniam
605 2331 805 2396 obtinuerunt
829 2343 882 2397 aut
911 2333 1001 2398 etiam
1029 2334 1112 2419 ipsae

142 2457 314 2532 temporum
329 2466 421 2509 cursu
432 2444 464 2508 in
477 2443 529 2509 illa
540 2437 753 2512 consederunt.
777 2446 960 2532 Praecipuae
974 2448 1112 2513 nationes

140 2554 212 2625 sunt
234 2559 383 2647 Hungari,
405 2559 540 2624 Szelrleri
559 2569 589 2625 et
607 2560 749 2637 Saxones,
769 2560 863 2648 vulgo
880 2572 940 2626 tres
961 2563 1110 2640 nationes,

140 2674 263 2761 proprio
286 2695 395 2749 sensu,
424 2682 628 2758 nuncupatae.
677 2674 835 2765 loleratao
861 2676 998 2740 nationes
1027 2674 1110 2741 baud

139 2808 225 2852 secus
253 2796 347 2872 atque
367 2784 549 2871 praecipuae
577 2785 683 2871 legum
705 2785 801 2849 tuteli
830 2795 974 2861 utuntur,
1002 2807 1109 2851 verum

139 2881 352 2984 indigenarum
379 2897 547 2984 privilegiis
570 2897 595 2959 si
621 2897 715 2960 velint
741 2896 908 2981 adspirare,
934 2897 1110 2962 solemniter

140 3021 278 3094 receptae
298 3009 413 3072 luerint
439 3018 558 3092 oportet
576 3007 616 3071 ab
634 3007 737 3093 aliqua
756 3007 915 3072 nationum
932 3009 1111 3093 praecipua·

141 3143 221 3196 rum,
239 3131 393 3205 tamquam
409 3120 538 3208 legitimi
551 3118 693 3184 ordinum
710 3119 796 3185 socii.

183 3234 314 3299 Ordines
332 3245 404 3297 sunt
426 3235 459 3299 in
481 3233 701 3299 Transsilranii
729 3244 801 3311 tres,
822 3233 954 3300 scilicet:
980 3235 1114 3313 nobiles,-

139 3346 260 3424 urbani,
273 3346 387 3412 rustici.
414 3346 564 3411 Omnibus
582 3346 694 3409 summi
712 3345 835 3431 imperii
847 3346 972 3430 juribus
982 3349 1108 3435 Magnus

138 3460 283 3544 Princeps
291 3458 528 3524 Transsilraniae
541 3458 691 3547 iungitur.
704 3458 762 3524 llic
770 3458 807 3524 ad
818 3459 971 3524 nobilium
980 3461 1108 3528 classem

136 3582 306 3658 promovet,
324 3572 490 3658 privilegia·
500 3571 653 3649 concedit,
669 3571 785 3638 bellum
797 3572 876 3659 gerit
885 3594 1055 3659 pacemque
1065 3575 1109 3640 fa·

137 3685 190 3760 cit,
204 3695 358 3749 monetam
373 3684 445 3749 cudi
457 3684 557 3768 jubet,
570 3694 717 3749 convocat
728 3694 823 3770 atque
836 3682 962 3749 dimittit
975 3686 1107 3766 ordines,

137 3797 316 3884 episcopalia
330 3818 458 3862 munera
472 3808 565 3884 atque
578 3795 726 3861 beneficia
737 3795 923 3881 impertitur,
934 3798 1107 3864 vacantium

136 3912 253 3978 sedium
271 3911 386 3977 reditus
398 3902 539 3997 percipit,
554 3910 704 3975 nobilium
718 3908 852 3998 denique
868 3910 935 3976 siue
950 3911 1036 3996 prole
1051 3910 1106 3979 de·

135 4021 313 4089 iunctorum
329 4023 408 4088 bona
421 4021 621 4089 haereditario
641 4021 765 4087 nomino
782 4022 840 4089 sibi
859 4021 1002 4090 vindieat.

178 4134 329 4201 Ordinum
357 4146 400 4201 est
426 4135 616 4222 conjunctim
638 4156 710 4201 eum
730 4135 839 4223 llegno
861 4134 1004 4221 Principe
1023 4136 1106 4222 leges
